@ARTICLE{Partridge1967,
       author = {{Partridge}, R.~B. and {Peebles}, P.~J.~E.},
        title = "{Are Young Galaxies Visible?}",
      journal = {\apj},
         year = 1967,
        month = mar,
       volume = {147},
        pages = {868},
          doi = {10.1086/149079},
       adsurl = {https://ui.adsabs.harvard.edu/abs/1967ApJ...147..868P},
      adsnote = {Provided by the SAO/NASA Astrophysics Data System}
}

@misc{benitez2014jpas,
      author={N. Benitez and R. Dupke and M. Moles and L. Sodre and J. Cenarro and A. Marin-Franch and K. Taylor and D. Cristobal and A. Fernandez-Soto and C. Mendes de Oliveira and J. Cepa-Nogue and L. R. Abramo and J. S. Alcaniz and R. Overzier and C. Hernandez-Monteagudo and E. J. Alfaro and A. Kanaan and J. M. Carvano and R. R. R. Reis and E. Martinez Gonzalez and B. Ascaso and F. Ballesteros and H. S. Xavier and J. Varela and A. Ederoclite and H. Vazquez Ramio and T. Broadhurst and E. Cypriano and R. Angulo and J. M. Diego and A. Zandivarez and E. Diaz and P. Melchior and K. Umetsu and P. F. Spinelli and A. Zitrin and D. Coe and G. Yepes and P. Vielva and V. Sahni and A. Marcos-Caballero and F. Shu Kitaura and A. L. Maroto and M. Masip and S. Tsujikawa and S. Carneiro and J. Gonzalez Nuevo and G. C. Carvalho and M. J. Reboucas and J. C. Carvalho and E. Abdalla and A. Bernui and C. Pigozzo and E. G. M. Ferreira and N. Chandrachani Devi and C. A. P. Bengaly Jr. au2 and M. Campista and A. Amorim and N. V. Asari and A. Bongiovanni and S. Bonoli and G. Bruzual and N. Cardiel and A. Cava and R. Cid Fernandes and P. Coelho and A. Cortesi and R. G. Delgado and L. Diaz Garcia and J. M. R. Espinosa and E. Galliano and J. I. Gonzalez-Serrano and J. Falcon-Barroso and J. Fritz and C. Fernandes and J. Gorgas and C. Hoyos and Y. Jimenez-Teja and J. A. Lopez-Aguerri and C. Lopez-San Juan and A. Mateus and A. Molino and P. Novais and A. OMill and I. Oteo and P. G. Perez-Gonzalez and B. Poggianti and R. Proctor and E. Ricciardelli and P. Sanchez-Blazquez and T. Storchi-Bergmann and E. Telles and W. Schoennell and N. Trujillo and A. Vazdekis and K. Viironen and S. Daflon and T. Aparicio-Villegas and D. Rocha and T. Ribeiro and M. Borges and S. L. Martins and W. Marcolino and D. Martinez-Delgado and M. A. Perez-Torres and B. B. Siffert and M. O. Calvao and M. Sako and R. Kessler and A. Alvarez-Candal and M. De Pra and F. Roig and D. Lazzaro and J. Gorosabel and R. Lopes de Oliveira and G. B. Lima-Neto and J. Irwin and J. F. Liu and E. Alvarez and I. Balmes and S. Chueca and M. V. Costa-Duarte and A. A. da Costa and M. L. L. Dantas and A. Y. Diaz and J. Fabregat and F. Ferrari and B. Gavela and S. G. Gracia and N. Gruel and J. L. L. Gutierrez and R. Guzman and J. D. Hernandez-Fernandez and D. Herranz and L. Hurtado-Gil and F. Jablonsky and R. Laporte and L. L. Le Tiran and J Licandro and M. Lima and E. Martin and V. Martinez and J. J. C. Montero and P. Penteado and C. B. Pereira and V. Peris and V. Quilis and M. Sanchez-Portal and A. C. Soja and E. Solano and J. Torra and L. Valdivielso},
      title={J-PAS: The Javalambre-Physics of the Accelerated Universe Astrophysical Survey}, 
      year={2014},
      eprint={1403.5237},
      archivePrefix={arXiv},
      primaryClass={astro-ph.CO}
}

@ARTICLE{ouchi2018,
       author = {{Ouchi}, Masami and {Harikane}, Yuichi and {Shibuya}, Takatoshi and {Shimasaku}, Kazuhiro and {Taniguchi}, Yoshiaki and {Konno}, Akira and {Kobayashi}, Masakazu and {Kajisawa}, Masaru and {Nagao}, Tohru and {Ono}, Yoshiaki and {Inoue}, Akio K. and {Umemura}, Masayuki and {Mori}, Masao and {Hasegawa}, Kenji and {Higuchi}, Ryo and {Komiyama}, Yutaka and {Matsuda}, Yuichi and {Nakajima}, Kimihiko and {Saito}, Tomoki and {Wang}, Shiang-Yu},
        title = "{Systematic Identification of LAEs for Visible Exploration and Reionization Research Using Subaru HSC (SILVERRUSH). I. Program strategy and clustering properties of {\textasciitilde}2000 Ly{\ensuremath{\alpha}} emitters at z = 6-7 over the 0.3-0.5 Gpc$^{2}$ survey area}",
      journal = {\pasj},
     keywords = {cosmology: observations, galaxies: formation, galaxies: high-redshift, Astrophysics - Astrophysics of Galaxies, Astrophysics - Cosmology and Nongalactic Astrophysics},
         year = 2018,
        month = jan,
       volume = {70},
          eid = {S13},
        pages = {S13},
          doi = {10.1093/pasj/psx074},
archivePrefix = {arXiv},
       eprint = {1704.07455},
 primaryClass = {astro-ph.GA},
       adsurl = {https://ui.adsabs.harvard.edu/abs/2018PASJ...70S..13O},
      adsnote = {Provided by the SAO/NASA Astrophysics Data System}
}

@ARTICLE{stroe2017,
       author = {{Stroe}, Andra and {Sobral}, David and {Matthee}, Jorryt and {Calhau}, Jo{\~a}o and {Oteo}, Ivan},
        title = "{A 1.4 deg$^{2}$ blind survey for C II], C III] and C IV at z {\ensuremath{\sim}} 0.7-1.5 - I. Nature, morphologies and equivalent widths}",
      journal = {\mnras},
     keywords = {galaxies: active, galaxies: high-redshift, quasars: emission lines, galaxies: star formation, cosmology: observations, Astrophysics - Astrophysics of Galaxies, Astrophysics - Cosmology and Nongalactic Astrophysics},
         year = 2017,
        month = nov,
       volume = {471},
       number = {3},
        pages = {2558-2574},
          doi = {10.1093/mnras/stx1712},
archivePrefix = {arXiv},
       eprint = {1703.10169},
 primaryClass = {astro-ph.GA},
       adsurl = {https://ui.adsabs.harvard.edu/abs/2017MNRAS.471.2558S},
      adsnote = {Provided by the SAO/NASA Astrophysics Data System}
}

@ARTICLE{bonoli2020,
       author = {{Bonoli}, S. and {Mar{\'\i}n-Franch}, A. and {Varela}, J. and {V{\'a}zquez Rami{\'o}}, H. and {Abramo}, L.~R. and {Cenarro}, A.~J. and {Dupke}, R.~A. and {V{\'\i}lchez}, J.~M. and {Crist{\'o}bal-Hornillos}, D. and {Gonz{\'a}lez Delgado}, R.~M. and {Hern{\'a}ndez-Monteagudo}, C. and {L{\'o}pez-Sanjuan}, C. and {Muniesa}, D.~J. and {Civera}, T. and {Ederoclite}, A. and {Hern{\'a}n-Caballero}, A. and {Marra}, V. and {Baqui}, P.~O. and {Cortesi}, A. and {Cypriano}, E.~S. and {Daflon}, S. and {de Amorim}, A.~L. and {D{\'\i}az-Garc{\'\i}a}, L.~A. and {Diego}, J.~M. and {Mart{\'\i}nez-Solaeche}, G. and {P{\'e}rez}, E. and {Placco}, V.~M. and {Prada}, F. and {Queiroz}, C. and {Alcaniz}, J. and {Alvarez-Candal}, A. and {Cepa}, J. and {Maroto}, A.~L. and {Roig}, F. and {Siffert}, B.~B. and {Taylor}, K. and {Benitez}, N. and {Moles}, M. and {Sodr{\'e}}, L. and {Carneiro}, S. and {Mendes de Oliveira}, C. and {Abdalla}, E. and {Angulo}, R.~E. and {Aparicio Resco}, M. and {Balaguera-Antol{\'\i}nez}, A. and {Ballesteros}, F.~J. and {Brito-Silva}, D. and {Broadhurst}, T. and {Carrasco}, E.~R. and {Castro}, T. and {Cid Fernandes}, R. and {Coelho}, P. and {de Melo}, R.~B. and {Doubrawa}, L. and {Fernandez-Soto}, A. and {Ferrari}, F. and {Finoguenov}, A. and {Garc{\'\i}a-Benito}, R. and {Iglesias-P{\'a}ramo}, J. and {Jim{\'e}nez-Teja}, Y. and {Kitaura}, F.~S. and {Laur}, J. and {Lopes}, P.~A.~A. and {Lucatelli}, G. and {Mart{\'\i}nez}, V.~J. and {Maturi}, M. and {Overzier}, R.~A. and {Pigozzo}, C. and {Quartin}, M. and {Rodr{\'\i}guez-Mart{\'\i}n}, J.~E. and {Salzano}, V. and {Tamm}, A. and {Tempel}, E. and {Umetsu}, K. and {Valdivielso}, L. and {von Marttens}, R. and {Zitrin}, A. and {D{\'\i}az-Mart{\'\i}n}, M.~C. and {L{\'o}pez-Alegre}, G. and {L{\'o}pez-Sainz}, A. and {Yanes-D{\'\i}az}, A. and {Rueda-Teruel}, F. and {Rueda-Teruel}, S. and {Abril Iba{\~n}ez}, J. and {L Ant{\'o}n Bravo}, J. and {Bello Ferrer}, R. and {Bielsa}, S. and {Casino}, J.~M. and {Castillo}, J. and {Chueca}, S. and {Cuesta}, L. and {Garzar{\'a}n Calderaro}, J. and {Iglesias-Marzoa}, R. and {{\'I}niguez}, C. and {Lamadrid Gutierrez}, J.~L. and {Lopez-Martinez}, F. and {Lozano-P{\'e}rez}, D. and {Ma{\'\i}cas Sacrist{\'a}n}, N. and {Molina-Ib{\'a}{\~n}ez}, E.~L. and {Moreno-Signes}, A. and {Rodr{\'\i}guez Llano}, S. and {Royo Navarro}, M. and {Tilve Rua}, V. and {Andrade}, U. and {Alfaro}, E.~J. and {Akras}, S. and {Arnalte-Mur}, P. and {Ascaso}, B. and {Barbosa}, C.~E. and {Beltr{\'a}n Jim{\'e}nez}, J. and {Benetti}, M. and {Bengaly}, C.~A.~P. and {Bernui}, A. and {Blanco-Pillado}, J.~J. and {Borges Fernandes}, M. and {Bregman}, J.~N. and {Bruzual}, G. and {Calderone}, G. and {Carvano}, J.~M. and {Casarini}, L. and {Chaves-Montero}, J. and {Chies-Santos}, A.~L. and {Coutinho de Carvalho}, G. and {Dimauro}, P. and {Duarte Puertas}, S. and {Figueruelo}, D. and {Gonz{\'a}lez-Serrano}, J.~I. and {Guerrero}, M.~A. and {Gurung-L{\'o}pez}, S. and {Herranz}, D. and {Huertas-Company}, M. and {Irwin}, J.~A. and {Izquierdo-Villalba}, D. and {Kanaan}, A. and {Kehrig}, C. and {Kirkpatrick}, C.~C. and {Lim}, J. and {Lopes}, A.~R. and {Lopes de Oliveira}, R. and {Marcos-Caballero}, A. and {Mart{\'\i}nez-Delgado}, D. and {Mart{\'\i}nez-Gonz{\'a}lez}, E. and {Mart{\'\i}nez-Somonte}, G. and {Oliveira}, N. and {Orsi}, A.~A. and {Penna-Lima}, M. and {Reis}, R.~R.~R. and {Spinoso}, D. and {Tsujikawa}, S. and {Vielva}, P. and {Vitorelli}, A.~Z. and {Xia}, J.~Q. and {Yuan}, H.~B. and {Arroyo-Polonio}, A. and {Dantas}, M.~L.~L. and {Galarza}, C.~A. and {Gon{\c{c}}alves}, D.~R. and {Gon{\c{c}}alves}, R.~S. and {Gonzalez}, J.~E. and {Gonzalez}, A.~H. and {Greisel}, N. and {Jim{\'e}nez-Esteban}, F. and {Landim}, R.~G. and {Lazzaro}, D. and {Magris}, G. and {Monteiro-Oliveira}, R. and {Pereira}, C.~B. and {Rebou{\c{c}}as}, M.~J. and {Rodriguez-Espinosa}, J.~M. and {Santos da Costa}, S. and {Telles}, E.},
        title = "{The miniJPAS survey: A preview of the Universe in 56 colors}",
      journal = {\aap},
     keywords = {surveys, techniques: photometric, astronomical databases: miscellaneous, stars: general, galaxies: general, cosmology: observations, Astrophysics - Cosmology and Nongalactic Astrophysics, Astrophysics - Astrophysics of Galaxies, Astrophysics - Instrumentation and Methods for Astrophysics},
         year = 2021,
        month = sep,
       volume = {653},
          eid = {A31},
        pages = {A31},
          doi = {10.1051/0004-6361/202038841},
archivePrefix = {arXiv},
       eprint = {2007.01910},
 primaryClass = {astro-ph.CO},
       adsurl = {https://ui.adsabs.harvard.edu/abs/2021A&A...653A..31B},
      adsnote = {Provided by the SAO/NASA Astrophysics Data System}
}



@ARTICLE{ouchi2020,
       author = {{Ouchi}, Masami and {Ono}, Yoshiaki and {Shibuya}, Takatoshi},
        title = "{Observations of the Lyman-{\ensuremath{\alpha}} Universe}",
      journal = {\araa},
     keywords = {Astrophysics - Astrophysics of Galaxies, Astrophysics - Cosmology and Nongalactic Astrophysics},
         year = 2020,
        month = aug,
       volume = {58},
        pages = {617-659},
          doi = {10.1146/annurev-astro-032620-021859},
archivePrefix = {arXiv},
       eprint = {2012.07960},
 primaryClass = {astro-ph.GA},
       adsurl = {https://ui.adsabs.harvard.edu/abs/2020ARA&A..58..617O},
      adsnote = {Provided by the SAO/NASA Astrophysics Data System}
}

@ARTICLE{baqui2021,
       author = {{Baqui}, P.~O. and {Marra}, V. and {Casarini}, L. and {Angulo}, R. and {D{\'\i}az-Garc{\'\i}a}, L.~A. and {Hern{\'a}ndez-Monteagudo}, C. and {Lopes}, P.~A.~A. and {L{\'o}pez-Sanjuan}, C. and {Muniesa}, D. and {Placco}, V.~M. and {Quartin}, M. and {Queiroz}, C. and {Sobral}, D. and {Solano}, E. and {Tempel}, E. and {Varela}, J. and {V{\'\i}lchez}, J.~M. and {Abramo}, R. and {Alcaniz}, J. and {Benitez}, N. and {Bonoli}, S. and {Carneiro}, S. and {Cenarro}, A.~J. and {Crist{\'o}bal-Hornillos}, D. and {de Amorim}, A.~L. and {de Oliveira}, C.~M. and {Dupke}, R. and {Ederoclite}, A. and {Gonz{\'a}lez Delgado}, R.~M. and {Mar{\'\i}n-Franch}, A. and {Moles}, M. and {V{\'a}zquez Rami{\'o}}, H. and {Sodr{\'e}}, L. and {Taylor}, K.},
        title = "{The miniJPAS survey: star-galaxy classification using machine learning}",
      journal = {\aap},
     keywords = {methods: data analysis, catalogs, galaxies: statistics, stars: statistics, Astrophysics - Instrumentation and Methods for Astrophysics, Astrophysics - Cosmology and Nongalactic Astrophysics},
         year = 2021,
        month = jan,
       volume = {645},
          eid = {A87},
        pages = {A87},
          doi = {10.1051/0004-6361/202038986},
archivePrefix = {arXiv},
       eprint = {2007.07622},
 primaryClass = {astro-ph.IM},
       adsurl = {https://ui.adsabs.harvard.edu/abs/2021A&A...645A..87B},
      adsnote = {Provided by the SAO/NASA Astrophysics Data System}
}

@ARTICLE{ono2021,
       author = {{Ono}, Yoshiaki and {Itoh}, Ryohei and {Shibuya}, Takatoshi and {Ouchi}, Masami and {Harikane}, Yuichi and {Yamanaka}, Satoshi and {Inoue}, Akio K. and {Amagasa}, Toshiyuki and {Miura}, Daichi and {Okura}, Maiki and {Shimasaku}, Kazuhiro and {Iwata}, Ikuru and {Taniguchi}, Yoshiaki and {Fujimoto}, Seiji and {Iye}, Masanori and {Jaelani}, Anton T. and {Kashikawa}, Nobunari and {Kikuchihara}, Shotaro and {Kikuta}, Satoshi and {Kobayashi}, Masakazu A.~R. and {Kusakabe}, Haruka and {Lee}, Chien-Hsiu and {Liang}, Yongming and {Matsuoka}, Yoshiki and {Momose}, Rieko and {Nagao}, Tohru and {Nakajima}, Kimihiko and {Tadaki}, Ken-ichi},
        title = "{SILVERRUSH X: Machine Learning-aided Selection of 9318 LAEs at z = 2.2, 3.3, 4.9, 5.7, 6.6, and 7.0 from the HSC SSP and CHORUS Survey Data}",
      journal = {\apj},
     keywords = {Convolutional neural networks, Lyman-alpha galaxies, High-redshift galaxies, Galaxy evolution, Galaxy formation, 978, 734, 1938, 594, 595, Astrophysics - Astrophysics of Galaxies},
         year = 2021,
        month = apr,
       volume = {911},
       number = {2},
          eid = {78},
        pages = {78},
          doi = {10.3847/1538-4357/abea15},
archivePrefix = {arXiv},
       eprint = {2104.02177},
 primaryClass = {astro-ph.GA},
       adsurl = {https://ui.adsabs.harvard.edu/abs/2021ApJ...911...78O},
      adsnote = {Provided by the SAO/NASA Astrophysics Data System}
}

@ARTICLE{Dijkstra2019,
       author = {{Dijkstra}, Mark},
        title = "{Physics of Ly{\ensuremath{\alpha}} Radiative Transfer}",
      journal = {Saas-Fee Advanced Course},
     keywords = {Physics},
         year = 2019,
        month = jan,
       volume = {46},
        pages = {1},
          doi = {10.1007/978-3-662-59623-4\_1},
       adsurl = {https://ui.adsabs.harvard.edu/abs/2019SAAS...46....1D},
      adsnote = {Provided by the SAO/NASA Astrophysics Data System}
}

@ARTICLE{ArrabalHaro2020,
       author = {{Arrabal Haro}, P. and {Rodr{\'\i}guez Espinosa}, J.~M. and {Mu{\~n}oz-Tu{\~n}{\'o}n}, C. and {Sobral}, D. and {Lumbreras-Calle}, A. and {Boquien}, M. and {Hern{\'a}n-Caballero}, A. and {Rodr{\'\i}guez-Mu{\~n}oz}, L. and {Alcalde Pampliega}, B.},
        title = "{Differences and similarities of stellar populations in LAEs and LBGs at z {\ensuremath{\sim}} 3.4-6.8}",
      journal = {\mnras},
     keywords = {galaxies: evolution, galaxies: high-redshift, galaxies: luminosity function, mass function, cosmology: observations, dark ages, reionization, first stars, Astrophysics - Astrophysics of Galaxies},
         year = 2020,
        month = jun,
       volume = {495},
       number = {2},
        pages = {1807-1824},
          doi = {10.1093/mnras/staa1196},
archivePrefix = {arXiv},
       eprint = {2004.11175},
 primaryClass = {astro-ph.GA},
       adsurl = {https://ui.adsabs.harvard.edu/abs/2020MNRAS.495.1807A},
      adsnote = {Provided by the SAO/NASA Astrophysics Data System}
}

@ARTICLE{Charlot1993,
       author = {{Charlot}, Stephane and {Fall}, S. Michael},
        title = "{Lyman-Alpha Emission from Galaxies}",
      journal = {\apj},
     keywords = {GALAXIES: ACTIVE, GALAXIES: EVOLUTION, GALAXIES: ISM, GALAXIES: STELLAR CONTENT, ULTRAVIOLET: GALAXIES},
         year = 1993,
        month = oct,
       volume = {415},
        pages = {580},
          doi = {10.1086/173187},
       adsurl = {https://ui.adsabs.harvard.edu/abs/1993ApJ...415..580C},
      adsnote = {Provided by the SAO/NASA Astrophysics Data System}
}

@ARTICLE{Ciardullo2013,
       author = {{Ciardullo}, Robin and {Gronwall}, Caryl and {Adams}, Joshua J. and {Blanc}, Guillermo A. and {Gebhardt}, Karl and {Finkelstein}, Steven L. and {Jogee}, Shardha and {Hill}, Gary J. and {Drory}, Niv and {Hopp}, Ulrich and {Schneider}, Donald P. and {Zeimann}, Gregory R. and {Dalton}, Gavin B.},
        title = "{The HETDEX Pilot Survey. IV. The Evolution of [O II] Emitting Galaxies from z \raisebox{-0.5ex}\textasciitilde 0.5 to z \raisebox{-0.5ex}\textasciitilde 0}",
      journal = {\apj},
     keywords = {cosmology: observations, galaxies: evolution, galaxies: formation, galaxies: luminosity function, mass function, Astrophysics - Cosmology and Nongalactic Astrophysics},
         year = 2013,
        month = may,
       volume = {769},
       number = {1},
          eid = {83},
        pages = {83},
          doi = {10.1088/0004-637X/769/1/83},
archivePrefix = {arXiv},
       eprint = {1304.5537},
 primaryClass = {astro-ph.CO},
       adsurl = {https://ui.adsabs.harvard.edu/abs/2013ApJ...769...83C},
      adsnote = {Provided by the SAO/NASA Astrophysics Data System}
}

@ARTICLE{Farrow2021,
       author = {{Farrow}, Daniel J. and {S{\'a}nchez}, Ariel G. and {Ciardullo}, Robin and {Cooper}, Erin Mentuch and {Davis}, Dustin and {Fabricius}, Maximilian and {Gawiser}, Eric and {Grasshorn Gebhardt}, Henry S. and {Gebhardt}, Karl and {Hill}, Gary J. and {Jeong}, Donghui and {Komatsu}, Eiichiro and {Landriau}, Martin and {Liu}, Chenxu and {Saito}, Shun and {Snigula}, Jan and {Wold}, Isak G.~B.},
        title = "{Correcting correlation functions for redshift-dependent interloper contamination}",
      journal = {\mnras},
     keywords = {methods: data analysis, cosmology: observations, large-scale structure of the Universe, Astrophysics - Cosmology and Nongalactic Astrophysics},
         year = 2021,
        month = nov,
       volume = {507},
       number = {3},
        pages = {3187-3206},
          doi = {10.1093/mnras/stab1986},
archivePrefix = {arXiv},
       eprint = {2104.04613},
 primaryClass = {astro-ph.CO},
       adsurl = {https://ui.adsabs.harvard.edu/abs/2021MNRAS.507.3187F},
      adsnote = {Provided by the SAO/NASA Astrophysics Data System}
}

@ARTICLE{Gilbank2010,
       author = {{Gilbank}, David G. and {Baldry}, Ivan K. and {Balogh}, Michael L. and {Glazebrook}, Karl and {Bower}, Richard G.},
        title = "{The local star formation rate density: assessing calibrations using [OII], H and UV luminosities}",
      journal = {\mnras},
     keywords = {galaxies: evolution, galaxies: general, galaxies: star formation, Astrophysics - Cosmology and Nongalactic Astrophysics},
         year = 2010,
        month = jul,
       volume = {405},
       number = {4},
        pages = {2594-2614},
          doi = {10.1111/j.1365-2966.2010.16640.x},
archivePrefix = {arXiv},
       eprint = {1002.3172},
 primaryClass = {astro-ph.CO},
       adsurl = {https://ui.adsabs.harvard.edu/abs/2010MNRAS.405.2594G},
      adsnote = {Provided by the SAO/NASA Astrophysics Data System}
}

@ARTICLE{Gunawardhana2002,
       author = {{Gunawardhana}, M.~L.~P. and {Norberg}, P. and {Zehavi}, I. and {Farrow}, D.~J. and {Loveday}, J. and {Hopkins}, A.~M. and {Davies}, L.~J.~M. and {Wang}, L. and {Alpaslan}, M. and {Bland-Hawthorn}, J. and {Brough}, S. and {Holwerda}, B.~W. and {Owers}, M.~S. and {Wright}, A.~H.},
        title = "{Galaxy And Mass Assembly (GAMA): the signatures of galaxy interactions as viewed from small-scale galaxy clustering}",
      journal = {\mnras},
     keywords = {galaxies: distances and redshifts, galaxies: haloes, galaxies: interactions, galaxies: starburst, galaxies: star formation, galaxies: statistics, Astrophysics - Astrophysics of Galaxies, Astrophysics - Cosmology and Nongalactic Astrophysics},
         year = 2018,
        month = sep,
       volume = {479},
       number = {2},
        pages = {1433-1464},
          doi = {10.1093/mnras/sty1638},
archivePrefix = {arXiv},
       eprint = {1806.08255},
 primaryClass = {astro-ph.GA},
       adsurl = {https://ui.adsabs.harvard.edu/abs/2018MNRAS.479.1433G},
      adsnote = {Provided by the SAO/NASA Astrophysics Data System}
}

@ARTICLE{Hernan-Caballero2021,
       author = {{Hern{\'a}n-Caballero}, A. and {Varela}, J. and {L{\'o}pez-Sanjuan}, C. and {Muniesa}, D. and {Civera}, T. and {Chaves-Montero}, J. and {D{\'\i}az-Garc{\'\i}a}, L.~A. and {Laur}, J. and {Hern{\'a}ndez-Monteagudo}, C. and {Abramo}, R. and {Angulo}, R. and {Crist{\'o}bal-Hornillos}, D. and {Gonz{\'a}lez Delgado}, R.~M. and {Greisel}, N. and {Orsi}, A. and {Queiroz}, C. and {Sobral}, D. and {Tamm}, A. and {Tempel}, E. and {V{\'a}zquez-Rami{\'o}}, H. and {Alcaniz}, J. and {Ben{\'\i}tez}, N. and {Bonoli}, S. and {Carneiro}, S. and {Cenarro}, J. and {Dupke}, R. and {Ederoclite}, A. and {Mar{\'\i}n-Franch}, A. and {Mendes de Oliveira}, C. and {Moles}, M. and {Sodr{\'e}}, L. and {Taylor}, K. and {Cypriano}, E.~S. and {Mart{\'\i}nez-Solaeche}, G.},
        title = "{The miniJPAS survey: Photometric redshift catalogue}",
      journal = {\aap},
     keywords = {methods: data analysis, catalogs, galaxies: photometry, galaxies: distances and redshifts, Astrophysics - Astrophysics of Galaxies, Astrophysics - Cosmology and Nongalactic Astrophysics, Astrophysics - Instrumentation and Methods for Astrophysics},
         year = 2021,
        month = oct,
       volume = {654},
          eid = {A101},
        pages = {A101},
          doi = {10.1051/0004-6361/202141236},
archivePrefix = {arXiv},
       eprint = {2108.03271},
 primaryClass = {astro-ph.GA},
       adsurl = {https://ui.adsabs.harvard.edu/abs/2021A&A...654A.101H},
      adsnote = {Provided by the SAO/NASA Astrophysics Data System}
}

@ARTICLE{Matute2018,
       author = {{Matute}, I. and {M{\'a}rquez}, I. and {Masegosa}, J. and {Husillos}, C. and {del Olmo}, A. and {Perea}, J. and {Alfaro}, E.~J. and {Fern{\'a}ndez-Soto}, A. and {Moles}, M. and {Aguerri}, J.~A.~L. and {Aparicio-Villegas}, T. and {Ben{\'\i}tez}, N. and {Broadhurst}, T. and {Cabrera-Cano}, J. and {Castander}, F.~J. and {Cepa}, J. and {Cervi{\~n}o}, M. and {Crist{\'o}bal-Hornillos}, D. and {Infante}, L. and {Gonz{\'a}lez Delgado}, R.~M. and {Mart{\'\i}nez}, V.~J. and {Molino}, A. and {Prada}, F. and {Quintana}, J.~M.},
        title = "{Quasi-stellar objects in the ALHAMBRA survey. I. Photometric redshift accuracy based on 23 optical-NIR filter photometry}",
      journal = {\aap},
     keywords = {galaxies: active, cosmology: observations, quasars: general, galaxies: evolution, galaxies: distances and redshifts, Astrophysics - Cosmology and Extragalactic Astrophysics},
         year = 2012,
        month = jun,
       volume = {542},
          eid = {A20},
        pages = {A20},
          doi = {10.1051/0004-6361/201118111},
archivePrefix = {arXiv},
       eprint = {1202.3397},
 primaryClass = {astro-ph.CO},
       adsurl = {https://ui.adsabs.harvard.edu/abs/2012A&A...542A..20M},
      adsnote = {Provided by the SAO/NASA Astrophysics Data System}
}

@ARTICLE{Spinoso2020,
       author = {{Spinoso}, D. and {Orsi}, A. and {L{\'o}pez-Sanjuan}, C. and {Bonoli}, S. and {Viironen}, K. and {Izquierdo-Villalba}, D. and {Sobral}, D. and {Gurung-L{\'o}pez}, S. and {Hern{\'a}n-Caballero}, A. and {Ederoclite}, A. and {Varela}, J. and {Overzier}, R. and {Miralda-Escud{\'e}}, J. and {Muniesa}, D.~J. and {V{\'\i}lchez}, J.~M. and {Alcaniz}, J. and {Angulo}, R.~E. and {Cenarro}, A.~J. and {Crist{\'o}bal-Hornillos}, D. and {Dupke}, R.~A. and {Hern{\'a}ndez-Monteagudo}, C. and {Mar{\'\i}n-Franch}, A. and {Moles}, M. and {Sodr{\'e}}, L., Jr. and {V{\'a}zquez-Rami{\'o}}, H.},
        title = "{J-PLUS: Unveiling the brightest end of the Ly{\ensuremath{\alpha}} luminosity function at 2.0 < z < 3.3 over 1000 deg$^{2}$}",
      journal = {\aap},
     keywords = {galaxies: luminosity function, mass function, galaxies: high-redshift, quasars: emission lines, techniques: photometric, methods: observational, surveys, Astrophysics - Astrophysics of Galaxies, Astrophysics - Cosmology and Nongalactic Astrophysics},
         year = 2020,
        month = nov,
       volume = {643},
          eid = {A149},
        pages = {A149},
          doi = {10.1051/0004-6361/202038756},
archivePrefix = {arXiv},
       eprint = {2006.15084},
 primaryClass = {astro-ph.GA},
       adsurl = {https://ui.adsabs.harvard.edu/abs/2020A&A...643A.149S},
      adsnote = {Provided by the SAO/NASA Astrophysics Data System}
}

@ARTICLE{Zhang2021,
       author = {{Zhang}, Yechi and {Ouchi}, Masami and {Gebhardt}, Karl and {Mentuch Cooper}, Erin and {Liu}, Chenxu and {Davis}, Dustin and {Jeong}, Donghui and {Farrow}, Daniel J. and {Finkelstein}, Steven L. and {Gawiser}, Eric and {Hill}, Gary J. and {Harikane}, Yuichi and {Kakuma}, Ryota and {Acquaviva}, Viviana and {Casey}, Caitlin M. and {Fabricius}, Maximilian and {Hopp}, Ulrich and {Jarvis}, Matt J. and {Landriau}, Martin and {Mawatari}, Ken and {Mukae}, Shiro and {Ono}, Yoshiaki and {Sakai}, Nao and {Schneider}, Donald P.},
        title = "{First HETDEX Spectroscopic Determinations of Ly{\ensuremath{\alpha}} and UV Luminosity Functions at z = 2-3: Bridging a Gap between Faint AGNs and Bright Galaxies}",
      journal = {\apj},
     keywords = {734, 594, 978, 16},
         year = 2021,
        month = dec,
       volume = {922},
       number = {2},
          eid = {167},
        pages = {167},
          doi = {10.3847/1538-4357/ac1e97},
       adsurl = {https://ui.adsabs.harvard.edu/abs/2021ApJ...922..167Z},
      adsnote = {Provided by the SAO/NASA Astrophysics Data System}
}

@ARTICLE{Santos2021,
       author = {{Santos}, S. and {Sobral}, D. and {Butterworth}, J. and {Paulino-Afonso}, A. and {Ribeiro}, B. and {da Cunha}, E. and {Calhau}, J. and {Khostovan}, A.~A. and {Matthee}, J. and {Arrabal Haro}, P.},
        title = "{The evolution of the UV luminosity and stellar mass functions of Lyman-{\ensuremath{\alpha}} emitters from z   2 to z 6}",
      journal = {\mnras},
     keywords = {galaxies: evolution, galaxies: high-redshift, galaxies: luminosity function, mass function, Astrophysics - Astrophysics of Galaxies},
         year = 2021,
        month = jul,
       volume = {505},
       number = {1},
        pages = {1117-1134},
          doi = {10.1093/mnras/stab1218},
archivePrefix = {arXiv},
       eprint = {2105.00007},
 primaryClass = {astro-ph.GA},
       adsurl = {https://ui.adsabs.harvard.edu/abs/2021MNRAS.505.1117S},
      adsnote = {Provided by the SAO/NASA Astrophysics Data System}
}

@ARTICLE{Konno2016,
       author = {{Konno}, Akira and {Ouchi}, Masami and {Nakajima}, Kimihiko and {Duval}, Florent and {Kusakabe}, Haruka and {Ono}, Yoshiaki and {Shimasaku}, Kazuhiro},
        title = "{Bright and Faint Ends of Ly{\ensuremath{\alpha}} Luminosity Functions at z = 2 Determined by the Subaru Survey: Implications for AGNs, Magnification Bias, and ISM H I Evolution}",
      journal = {\apj},
     keywords = {galaxies: evolution, galaxies: formation, galaxies: high-redshift, galaxies: luminosity function, mass function, Astrophysics - Astrophysics of Galaxies, Astrophysics - Cosmology and Nongalactic Astrophysics},
         year = 2016,
        month = may,
       volume = {823},
       number = {1},
          eid = {20},
        pages = {20},
          doi = {10.3847/0004-637X/823/1/20},
archivePrefix = {arXiv},
       eprint = {1512.01854},
 primaryClass = {astro-ph.GA},
       adsurl = {https://ui.adsabs.harvard.edu/abs/2016ApJ...823...20K},
      adsnote = {Provided by the SAO/NASA Astrophysics Data System}
}

@ARTICLE{Sobral2018,
       author = {{Sobral}, David and {Santos}, S{\'e}rgio and {Matthee}, Jorryt and {Paulino-Afonso}, Ana and {Ribeiro}, Bruno and {Calhau}, Jo{\~a}o and {Khostovan}, Ali A.},
        title = "{Slicing COSMOS with SC4K: the evolution of typical Ly {\ensuremath{\alpha}} emitters and the Ly {\ensuremath{\alpha}} escape fraction from z {\ensuremath{\sim}} 2 to 6}",
      journal = {\mnras},
     keywords = {galaxies: evolution, galaxies: formation, galaxies: high-redshift, galaxies: luminosity function, mass function, galaxies: statistics, Astrophysics - Astrophysics of Galaxies, Astrophysics - Cosmology and Nongalactic Astrophysics},
         year = 2018,
        month = jun,
       volume = {476},
       number = {4},
        pages = {4725-4752},
          doi = {10.1093/mnras/sty378},
archivePrefix = {arXiv},
       eprint = {1712.04451},
 primaryClass = {astro-ph.GA},
       adsurl = {https://ui.adsabs.harvard.edu/abs/2018MNRAS.476.4725S},
      adsnote = {Provided by the SAO/NASA Astrophysics Data System}
}

@ARTICLE{bruzual2003,
       author = {{Bruzual}, G. and {Charlot}, S.},
        title = "{Stellar population synthesis at the resolution of 2003}",
      journal = {\mnras},
     keywords = {stars: evolution, galaxies: evolution, galaxies: formation, galaxies: stellar content, Astrophysics},
         year = 2003,
        month = oct,
       volume = {344},
       number = {4},
        pages = {1000-1028},
          doi = {10.1046/j.1365-8711.2003.06897.x},
archivePrefix = {arXiv},
       eprint = {astro-ph/0309134},
 primaryClass = {astro-ph},
       adsurl = {https://ui.adsabs.harvard.edu/abs/2003MNRAS.344.1000B},
      adsnote = {Provided by the SAO/NASA Astrophysics Data System}
}

@ARTICLE{bolton2012,
       author = {{Bolton}, Adam S. and {Schlegel}, David J. and {Aubourg}, {\'E}ric and {Bailey}, Stephen and {Bhardwaj}, Vaishali and {Brownstein}, Joel R. and {Burles}, Scott and {Chen}, Yan-Mei and {Dawson}, Kyle and {Eisenstein}, Daniel J. and {Gunn}, James E. and {Knapp}, G.~R. and {Loomis}, Craig P. and {Lupton}, Robert H. and {Maraston}, Claudia and {Muna}, Demitri and {Myers}, Adam D. and {Olmstead}, Matthew D. and {Padmanabhan}, Nikhil and {P{\^a}ris}, Isabelle and {Percival}, Will J. and {Petitjean}, Patrick and {Rockosi}, Constance M. and {Ross}, Nicholas P. and {Schneider}, Donald P. and {Shu}, Yiping and {Strauss}, Michael A. and {Thomas}, Daniel and {Tremonti}, Christy A. and {Wake}, David A. and {Weaver}, Benjamin A. and {Wood-Vasey}, W. Michael},
        title = "{Spectral Classification and Redshift Measurement for the SDSS-III Baryon Oscillation Spectroscopic Survey}",
      journal = {\aj},
     keywords = {methods: data analysis, surveys, techniques: spectroscopic, Astrophysics - Cosmology and Nongalactic Astrophysics, Astrophysics - Instrumentation and Methods for Astrophysics},
         year = 2012,
        month = nov,
       volume = {144},
       number = {5},
          eid = {144},
        pages = {144},
          doi = {10.1088/0004-6256/144/5/144},
archivePrefix = {arXiv},
       eprint = {1207.7326},
 primaryClass = {astro-ph.CO},
       adsurl = {https://ui.adsabs.harvard.edu/abs/2012AJ....144..144B},
      adsnote = {Provided by the SAO/NASA Astrophysics Data System}
}

@misc{Benitez2014,
  doi = {10.48550/ARXIV.1403.5237},
  
  url = {https://arxiv.org/abs/1403.5237},
  
  author = {Benitez, N. and Dupke, R. and Moles, M. and Sodre, L. and Cenarro, J. and Marin-Franch, A. and Taylor, K. and Cristobal, D. and Fernandez-Soto, A. and de Oliveira, C. Mendes and Cepa-Nogue, J. and Abramo, L. R. and Alcaniz, J. S. and Overzier, R. and Hernandez-Monteagudo, C. and Alfaro, E. J. and Kanaan, A. and Carvano, J. M. and Reis, R. R. R. and Gonzalez, E. Martinez and Ascaso, B. and Ballesteros, F. and Xavier, H. S. and Varela, J. and Ederoclite, A. and Ramio, H. Vazquez and Broadhurst, T. and Cypriano, E. and Angulo, R. and Diego, J. M. and Zandivarez, A. and Diaz, E. and Melchior, P. and Umetsu, K. and Spinelli, P. F. and Zitrin, A. and Coe, D. and Yepes, G. and Vielva, P. and Sahni, V. and Marcos-Caballero, A. and Kitaura, F. Shu and Maroto, A. L. and Masip, M. and Tsujikawa, S. and Carneiro, S. and Nuevo, J. Gonzalez and Carvalho, G. C. and Reboucas, M. J. and Carvalho, J. C. and Abdalla, E. and Bernui, A. and Pigozzo, C. and Ferreira, E. G. M. and Devi, N. Chandrachani and Bengaly, C. A. P. and Campista, M. and Amorim, A. and Asari, N. V. and Bongiovanni, A. and Bonoli, S. and Bruzual, G. and Cardiel, N. and Cava, A. and Fernandes, R. Cid and Coelho, P. and Cortesi, A. and Delgado, R. G. and Garcia, L. Diaz and Espinosa, J. M. R. and Galliano, E. and Gonzalez-Serrano, J. I. and Falcon-Barroso, J. and Fritz, J. and Fernandes, C. and Gorgas, J. and Hoyos, C. and Jimenez-Teja, Y. and Lopez-Aguerri, J. A. and Juan, C. Lopez-San and Mateus, A. and Molino, A. and Novais, P. and OMill, A. and Oteo, I. and Perez-Gonzalez, P. G. and Poggianti, B. and Proctor, R. and Ricciardelli, E. and Sanchez-Blazquez, P. and Storchi-Bergmann, T. and Telles, E. and Schoennell, W. and Trujillo, N. and Vazdekis, A. and Viironen, K. and Daflon, S. and Aparicio-Villegas, T. and Rocha, D. and Ribeiro, T. and Borges, M. and Martins, S. L. and Marcolino, W. and Martinez-Delgado, D. and Perez-Torres, M. A. and Siffert, B. B. and Calvao, M. O. and Sako, M. and Kessler, R. and Alvarez-Candal, A. and De Pra, M. and Roig, F. and Lazzaro, D. and Gorosabel, J. and de Oliveira, R. Lopes and Lima-Neto, G. B. and Irwin, J. and Liu, J. F. and Alvarez, E. and Balmes, I. and Chueca, S. and Costa-Duarte, M. V. and da Costa, A. A. and Dantas, M. L. L. and Diaz, A. Y. and Fabregat, J. and Ferrari, F. and Gavela, B. and Gracia, S. G. and Gruel, N. and Gutierrez, J. L. L. and Guzman, R. and Hernandez-Fernandez, J. D. and Herranz, D. and Hurtado-Gil, L. and Jablonsky, F. and Laporte, R. and Tiran, L. L. Le and Licandro, J and Lima, M. and Martin, E. and Martinez, V. and Montero, J. J. C. and Penteado, P. and Pereira, C. B. and Peris, V. and Quilis, V. and Sanchez-Portal, M. and Soja, A. C. and Solano, E. and Torra, J. and Valdivielso, L.},
  
  keywords = {Cosmology and Nongalactic Astrophysics (astro-ph.CO), FOS: Physical sciences, FOS: Physical sciences},
  
  title = {J-PAS: The Javalambre-Physics of the Accelerated Universe Astrophysical Survey},
  
  publisher = {arXiv},
  
  year = {2014},
  
  copyright = {arXiv.org perpetual, non-exclusive license}
}

@ARTICLE{Faucher-Giguere2008,
       author = {{Faucher-Gigu{\`e}re}, Claude-Andr{\'e} and {Prochaska}, Jason X. and {Lidz}, Adam and {Hernquist}, Lars and {Zaldarriaga}, Matias},
        title = "{A Direct Precision Measurement of the Intergalactic Ly{\ensuremath{\alpha}} Opacity at 2 <= z <= 4.2}",
      journal = {\apj},
     keywords = {cosmology: observations, cosmology: theory, methods: data analysis, methods: numerical, methods: statistical, quasars: absorption lines, Astrophysics},
         year = 2008,
        month = jul,
       volume = {681},
       number = {2},
        pages = {831-855},
          doi = {10.1086/588648},
archivePrefix = {arXiv},
       eprint = {0709.2382},
 primaryClass = {astro-ph},
       adsurl = {https://ui.adsabs.harvard.edu/abs/2008ApJ...681..831F},
      adsnote = {Provided by the SAO/NASA Astrophysics Data System}
}

@article{Alam2015,
	doi = {10.1088/0067-0049/219/1/12},
	url = {https://doi.org/10.1088/0067-0049/219/1/12},
	year = 2015,
	month = {jul},
	publisher = {American Astronomical Society},
	volume = {219},
	number = {1},
	pages = {12},
	author = {Shadab Alam and Franco D. Albareti and Carlos Allende Prieto and F. Anders and Scott F. Anderson and Timothy Anderton and Brett H. Andrews and Eric Armengaud and {\'{E}}ric Aubourg and Stephen Bailey and Sarbani Basu and Julian E. Bautista and Rachael L. Beaton and Timothy C. Beers and Chad F. Bender and Andreas A. Berlind and Florian Beutler and Vaishali Bhardwaj and Jonathan C. Bird and Dmitry Bizyaev and Cullen H. Blake and Michael R. Blanton and Michael Blomqvist and John J. Bochanski and Adam S. Bolton and Jo Bovy and A. Shelden Bradley and W. N. Brandt and D. E. Brauer and J. Brinkmann and Peter J. Brown and Joel R. Brownstein and Angela Burden and Etienne Burtin and Nicol{\'{a}}s G. Busca and Zheng Cai and Diego Capozzi and Aurelio Carnero Rosell and Michael A. Carr and Ricardo Carrera and K. C. Chambers and William James Chaplin and Yen-Chi Chen and Cristina Chiappini and S. Drew Chojnowski and Chia-Hsun Chuang and Nicolas Clerc and Johan Comparat and Kevin Covey and Rupert A. C. Croft and Antonio J. Cuesta and Katia Cunha and Luiz N. da Costa and Nicola Da Rio and James R. A. Davenport and Kyle S. Dawson and Nathan De Lee and Timoth{\'{e}}e Delubac and Rohit Deshpande and Saurav Dhital and Let{\'{\i}}cia Dutra-Ferreira and Tom Dwelly and Anne Ealet and Garrett L. Ebelke and Edward M. Edmondson and Daniel J. Eisenstein and Tristan Ellsworth and Yvonne Elsworth and Courtney R. Epstein and Michael Eracleous and Stephanie Escoffier and Massimiliano Esposito and Michael L. Evans and Xiaohui Fan and Emma Fern{\'{a}}ndez-Alvar and Diane Feuillet and Nurten Filiz Ak and Hayley Finley and Alexis Finoguenov and Kevin Flaherty and Scott W. Fleming and Andreu Font-Ribera and Jonathan Foster and Peter M. Frinchaboy and J. G. Galbraith-Frew and Rafael A. Garc{\'{\i}}a and D. A. Garc{\'{\i}}a-Hern{\'{a}}ndez and Ana E. Garc{\'{\i}}a P{\'{e}}rez and Patrick Gaulme and Jian Ge and R. G{\'{e}}nova-Santos and A. Georgakakis and Luan Ghezzi and Bruce A. Gillespie and L{\'{e}}o Girardi and Daniel Goddard and Satya Gontcho A Gontcho and Jonay I. Gonz{\'{a}}lez Hern{\'{a}}ndez and Eva K. Grebel and Paul J. Green and Jan Niklas Grieb and Nolan Grieves and James E. Gunn and Hong Guo and Paul Harding and Sten Hasselquist and Suzanne L. Hawley and Michael Hayden and Fred R. Hearty and Saskia Hekker and Shirley Ho and David W. Hogg and Kelly Holley-Bockelmann and Jon A. Holtzman and Klaus Honscheid and Daniel Huber and Joseph Huehnerhoff and Inese I. Ivans and Linhua Jiang and Jennifer A. Johnson and Karen Kinemuchi and David Kirkby and Francisco Kitaura and Mark A. Klaene and Gillian R. Knapp and Jean-Paul Kneib and Xavier P. Koenig and Charles R. Lam and Ting-Wen Lan and Dustin Lang and Pierre Laurent and Jean-Marc Le Goff and Alexie Leauthaud and Khee-Gan Lee and Young Sun Lee and Timothy C. Licquia and Jian Liu and Daniel C. Long and Mart{\'{\i}}n L{\'{o}}pez-Corredoira and Diego Lorenzo-Oliveira and Sara Lucatello and Britt Lundgren and Robert H. Lupton and Claude E. Mack III and Suvrath Mahadevan and Marcio A. G. Maia and Steven R. Majewski and Elena Malanushenko and Viktor Malanushenko and A. Manchado and Marc Manera and Qingqing Mao and Claudia Maraston and Robert C. Marchwinski and Daniel Margala and Sarah L. Martell and Marie Martig and Karen L. Masters and Savita Mathur and Cameron K. McBride and Peregrine M. McGehee and Ian D. McGreer and Richard G. McMahon and Brice M{\'{e}}nard and Marie-Luise Menzel and Andrea Merloni and Szabolcs M{\'{e}}sz{\'{a}}ros and Adam A. Miller and Jordi Miralda-Escud{\'{e}} and Hironao Miyatake and Antonio D. Montero-Dorta and Surhud More and Eric Morganson and Xan Morice-Atkinson and Heather L. Morrison and Beno{\^}it Mosser and Demitri Muna and Adam D. Myers and Kirpal Nandra and Jeffrey A. Newman and Mark Neyrinck and Duy Cuong Nguyen and Robert C. Nichol and David L. Nidever and Pasquier Noterdaeme and Sebasti{\'{a}}n E. Nuza and Julia E. O'Connell and Robert W. O'Connell and Ross O'Connell and Ricardo L. C. Ogando and Matthew D. Olmstead and Audrey E. Oravetz and Daniel J. Oravetz and Keisuke Osumi and Russell Owen and Deborah L. Padgett and Nikhil Padmanabhan and Martin Paegert and Nathalie Palanque-Delabrouille and Kaike Pan and John K. Parejko and Isabelle P{\^{a}}ris and Changbom Park and Petchara Pattarakijwanich and M. Pellejero-Ibanez and Joshua Pepper and Will J. Percival and Ismael P{\'{e}}rez-Fournon and Ignasi Pe{\textasciiacute}rez-Ra{\textasciigrave}fols and Patrick Petitjean and Matthew M. Pieri and Marc H. Pinsonneault and Gustavo F. Porto de Mello and Francisco Prada and Abhishek Prakash and Adrian M. Price-Whelan and Pavlos Protopapas and M. Jordan Raddick and Mubdi Rahman and Beth A. Reid and James Rich and Hans-Walter Rix and Annie C. Robin and Constance M. Rockosi and Tha{\'{\i}}se S. Rodrigues and Sergio Rodr{\'{\i}}guez-Torres and Natalie A. Roe and Ashley J. Ross and Nicholas P. Ross and Graziano Rossi and John J. Ruan and J. A. Rubi{\~{n}}o-Mart{\'{\i}}n and Eli S. Rykoff and Salvador Salazar-Albornoz and Mara Salvato and Lado Samushia and Ariel G. S{\'{a}}nchez and Bas{\'{\i}}lio Santiago and Conor Sayres and Ricardo P. Schiavon and David J. Schlegel and Sarah J. Schmidt and Donald P. Schneider and Mathias Schultheis and Axel D. Schwope and C. G. Sc{\'{o}}ccola and Caroline Scott and Kris Sellgren and Hee-Jong Seo and Aldo Serenelli and Neville Shane and Yue Shen and Matthew Shetrone and Yiping Shu and V. Silva Aguirre and Thirupathi Sivarani and M. F. Skrutskie and An{\v{z}}e Slosar and Verne V. Smith and Fl{\'{a}}via Sobreira and Diogo Souto and Keivan G. Stassun and Matthias Steinmetz and Dennis Stello and Michael A. Strauss and Alina Streblyanska and Nao Suzuki and Molly E. C. Swanson and Jonathan C. Tan and Jamie Tayar and Ryan C. Terrien and Aniruddha R. Thakar and Daniel Thomas and Neil Thomas and Benjamin A. Thompson and Jeremy L. Tinker and Rita Tojeiro and Nicholas W. Troup and Mariana Vargas-Maga{\~{n}}a and Jose A. Vazquez and Licia Verde and Matteo Viel and Nicole P. Vogt and David A. Wake and Ji Wang and Benjamin A. Weaver and David H. Weinberg and Benjamin J. Weiner and Martin White and John C. Wilson and John P. Wisniewski and W. M. Wood-Vasey and Christophe Ye{\textasciigrave}che and Donald G. York and Nadia L. Zakamska and O. Zamora and Gail Zasowski and Idit Zehavi and Gong-Bo Zhao and Zheng Zheng and Xu Zhou (周旭) and Zhimin Zhou (周志民) and Hu Zou (邹虎) and Guangtun Zhu},
	title = {{THE} {ELEVENTH} {AND} {TWELFTH} {DATA} {RELEASES} {OF} {THE} {SLOAN} {DIGITAL} {SKY} {SURVEY}: {FINAL} {DATA} {FROM} {SDSS}-{III}},
	journal = {The Astrophysical Journal Supplement Series},
	abstract = {The third generation of the Sloan Digital Sky Survey (SDSS-III) took data from 2008 to 2014 using the original SDSS wide-field imager, the original and an upgraded multi-object fiber-fed optical spectrograph, a new near-infrared high-resolution spectrograph, and a novel optical interferometer. All of the data from SDSS-III are now made public. In particular, this paper describes Data Release 11 (DR11) including all data acquired through 2013 July, and Data Release 12 (DR12) adding data acquired through 2014 July (including all data included in previous data releases), marking the end of SDSS-III observing. Relative to our previous public release (DR10), DR12 adds one million new spectra of galaxies and quasars from the Baryon Oscillation Spectroscopic Survey (BOSS) over an additional 3000 deg2 of sky, more than triples the number of H-band spectra of stars as part of the Apache Point Observatory (APO) Galactic Evolution Experiment (APOGEE), and includes repeated accurate radial velocity measurements of 5500 stars from the Multi-object APO Radial Velocity Exoplanet Large-area Survey (MARVELS). The APOGEE outputs now include the measured abundances of 15 different elements for each star. In total, SDSS-III added 5200 deg2 of ugriz imaging; 155,520 spectra of 138,099 stars as part of the Sloan Exploration of Galactic Understanding and Evolution 2 (SEGUE-2) survey; 2,497,484 BOSS spectra of 1,372,737 galaxies, 294,512 quasars, and 247,216 stars over 9376 deg2; 618,080 APOGEE spectra of 156,593 stars; and 197,040 MARVELS spectra of 5513 stars. Since its first light in 1998, SDSS has imaged over 1/3 of the Celestial sphere in five bands and obtained over five million astronomical spectra.}
}

@ARTICLE{Planck18,
       author = {{Planck Collaboration} and {Aghanim}, N. and {Akrami}, Y. and {Ashdown}, M. and {Aumont}, J. and {Baccigalupi}, C. and {Ballardini}, M. and {Banday}, A.~J. and {Barreiro}, R.~B. and {Bartolo}, N. and {Basak}, S. and {Battye}, R. and {Benabed}, K. and {Bernard}, J. -P. and {Bersanelli}, M. and {Bielewicz}, P. and {Bock}, J.~J. and {Bond}, J.~R. and {Borrill}, J. and {Bouchet}, F.~R. and {Boulanger}, F. and {Bucher}, M. and {Burigana}, C. and {Butler}, R.~C. and {Calabrese}, E. and {Cardoso}, J. -F. and {Carron}, J. and {Challinor}, A. and {Chiang}, H.~C. and {Chluba}, J. and {Colombo}, L.~P.~L. and {Combet}, C. and {Contreras}, D. and {Crill}, B.~P. and {Cuttaia}, F. and {de Bernardis}, P. and {de Zotti}, G. and {Delabrouille}, J. and {Delouis}, J. -M. and {Di Valentino}, E. and {Diego}, J.~M. and {Dor{\'e}}, O. and {Douspis}, M. and {Ducout}, A. and {Dupac}, X. and {Dusini}, S. and {Efstathiou}, G. and {Elsner}, F. and {En{\ss}lin}, T.~A. and {Eriksen}, H.~K. and {Fantaye}, Y. and {Farhang}, M. and {Fergusson}, J. and {Fernandez-Cobos}, R. and {Finelli}, F. and {Forastieri}, F. and {Frailis}, M. and {Fraisse}, A.~A. and {Franceschi}, E. and {Frolov}, A. and {Galeotta}, S. and {Galli}, S. and {Ganga}, K. and {G{\'e}nova-Santos}, R.~T. and {Gerbino}, M. and {Ghosh}, T. and {Gonz{\'a}lez-Nuevo}, J. and {G{\'o}rski}, K.~M. and {Gratton}, S. and {Gruppuso}, A. and {Gudmundsson}, J.~E. and {Hamann}, J. and {Handley}, W. and {Hansen}, F.~K. and {Herranz}, D. and {Hildebrandt}, S.~R. and {Hivon}, E. and {Huang}, Z. and {Jaffe}, A.~H. and {Jones}, W.~C. and {Karakci}, A. and {Keih{\"a}nen}, E. and {Keskitalo}, R. and {Kiiveri}, K. and {Kim}, J. and {Kisner}, T.~S. and {Knox}, L. and {Krachmalnicoff}, N. and {Kunz}, M. and {Kurki-Suonio}, H. and {Lagache}, G. and {Lamarre}, J. -M. and {Lasenby}, A. and {Lattanzi}, M. and {Lawrence}, C.~R. and {Le Jeune}, M. and {Lemos}, P. and {Lesgourgues}, J. and {Levrier}, F. and {Lewis}, A. and {Liguori}, M. and {Lilje}, P.~B. and {Lilley}, M. and {Lindholm}, V. and {L{\'o}pez-Caniego}, M. and {Lubin}, P.~M. and {Ma}, Y. -Z. and {Mac{\'\i}as-P{\'e}rez}, J.~F. and {Maggio}, G. and {Maino}, D. and {Mandolesi}, N. and {Mangilli}, A. and {Marcos-Caballero}, A. and {Maris}, M. and {Martin}, P.~G. and {Martinelli}, M. and {Mart{\'\i}nez-Gonz{\'a}lez}, E. and {Matarrese}, S. and {Mauri}, N. and {McEwen}, J.~D. and {Meinhold}, P.~R. and {Melchiorri}, A. and {Mennella}, A. and {Migliaccio}, M. and {Millea}, M. and {Mitra}, S. and {Miville-Desch{\^e}nes}, M. -A. and {Molinari}, D. and {Montier}, L. and {Morgante}, G. and {Moss}, A. and {Natoli}, P. and {N{\o}rgaard-Nielsen}, H.~U. and {Pagano}, L. and {Paoletti}, D. and {Partridge}, B. and {Patanchon}, G. and {Peiris}, H.~V. and {Perrotta}, F. and {Pettorino}, V. and {Piacentini}, F. and {Polastri}, L. and {Polenta}, G. and {Puget}, J. -L. and {Rachen}, J.~P. and {Reinecke}, M. and {Remazeilles}, M. and {Renzi}, A. and {Rocha}, G. and {Rosset}, C. and {Roudier}, G. and {Rubi{\~n}o-Mart{\'\i}n}, J.~A. and {Ruiz-Granados}, B. and {Salvati}, L. and {Sandri}, M. and {Savelainen}, M. and {Scott}, D. and {Shellard}, E.~P.~S. and {Sirignano}, C. and {Sirri}, G. and {Spencer}, L.~D. and {Sunyaev}, R. and {Suur-Uski}, A. -S. and {Tauber}, J.~A. and {Tavagnacco}, D. and {Tenti}, M. and {Toffolatti}, L. and {Tomasi}, M. and {Trombetti}, T. and {Valenziano}, L. and {Valiviita}, J. and {Van Tent}, B. and {Vibert}, L. and {Vielva}, P. and {Villa}, F. and {Vittorio}, N. and {Wandelt}, B.~D. and {Wehus}, I.~K. and {White}, M. and {White}, S.~D.~M. and {Zacchei}, A. and {Zonca}, A.},
        title = "{Planck 2018 results. VI. Cosmological parameters}",
      journal = {\aap},
     keywords = {cosmic background radiation, cosmological parameters, Astrophysics - Cosmology and Nongalactic Astrophysics},
         year = 2020,
        month = sep,
       volume = {641},
          eid = {A6},
        pages = {A6},
          doi = {10.1051/0004-6361/201833910},
archivePrefix = {arXiv},
       eprint = {1807.06209},
 primaryClass = {astro-ph.CO},
       adsurl = {https://ui.adsabs.harvard.edu/abs/2020A&A...641A...6P},
      adsnote = {Provided by the SAO/NASA Astrophysics Data System}
}

@ARTICLE{Gronwall2007,
       author = {{Gronwall}, Caryl and {Ciardullo}, Robin and {Hickey}, Thomas and {Gawiser}, Eric and {Feldmeier}, John J. and {van Dokkum}, Pieter G. and {Urry}, C. Megan and {Herrera}, David and {Lehmer}, Bret D. and {Infante}, Leopoldo and {Orsi}, Alvaro and {Marchesini}, Danilo and {Blanc}, Guillermo A. and {Francke}, Harold and {Lira}, Paulina and {Treister}, Ezequiel},
        title = "{Ly{\ensuremath{\alpha}} Emission-Line Galaxies at z = 3.1 in the Extended Chandra Deep Field-South}",
      journal = {\apj},
     keywords = {Cosmology: Observations, Galaxies: Formation, Galaxies: High-Redshift, Galaxies: Luminosity Function, Mass Function, Astrophysics},
         year = 2007,
        month = sep,
       volume = {667},
       number = {1},
        pages = {79-91},
          doi = {10.1086/520324},
archivePrefix = {arXiv},
       eprint = {0705.3917},
 primaryClass = {astro-ph},
       adsurl = {https://ui.adsabs.harvard.edu/abs/2007ApJ...667...79G},
      adsnote = {Provided by the SAO/NASA Astrophysics Data System}
}

@ARTICLE{Sobral2017,
       author = {{Sobral}, David and {Matthee}, Jorryt and {Best}, Philip and {Stroe}, Andra and {R{\"o}ttgering}, Huub and {Oteo}, Iv{\'a}n and {Smail}, Ian and {Morabito}, Leah and {Paulino-Afonso}, Ana},
        title = "{The CALYMHA survey: Ly{\ensuremath{\alpha}} luminosity function and global escape fraction of Ly{\ensuremath{\alpha}} photons at z = 2.23}",
      journal = {\mnras},
     keywords = {galaxies: evolution, galaxies: haloes, galaxies: high-redshift, galaxies: luminosity function, mass function, galaxies: statistics, cosmology: observations, Astrophysics - Astrophysics of Galaxies, Astrophysics - Cosmology and Nongalactic Astrophysics},
         year = 2017,
        month = apr,
       volume = {466},
       number = {1},
        pages = {1242-1258},
          doi = {10.1093/mnras/stw3090},
archivePrefix = {arXiv},
       eprint = {1609.05897},
 primaryClass = {astro-ph.GA},
       adsurl = {https://ui.adsabs.harvard.edu/abs/2017MNRAS.466.1242S},
      adsnote = {Provided by the SAO/NASA Astrophysics Data System}
}

@ARTICLE{York2000,
       author = {{York}, Donald G. and {Adelman}, J. and {Anderson}, John E., Jr. and {Anderson}, Scott F. and {Annis}, James and {Bahcall}, Neta A. and {Bakken}, J.~A. and {Barkhouser}, Robert and {Bastian}, Steven and {Berman}, Eileen and {Boroski}, William N. and {Bracker}, Steve and {Briegel}, Charlie and {Briggs}, John W. and {Brinkmann}, J. and {Brunner}, Robert and {Burles}, Scott and {Carey}, Larry and {Carr}, Michael A. and {Castander}, Francisco J. and {Chen}, Bing and {Colestock}, Patrick L. and {Connolly}, A.~J. and {Crocker}, J.~H. and {Csabai}, Istv{\'a}n and {Czarapata}, Paul C. and {Davis}, John Eric and {Doi}, Mamoru and {Dombeck}, Tom and {Eisenstein}, Daniel and {Ellman}, Nancy and {Elms}, Brian R. and {Evans}, Michael L. and {Fan}, Xiaohui and {Federwitz}, Glenn R. and {Fiscelli}, Larry and {Friedman}, Scott and {Frieman}, Joshua A. and {Fukugita}, Masataka and {Gillespie}, Bruce and {Gunn}, James E. and {Gurbani}, Vijay K. and {de Haas}, Ernst and {Haldeman}, Merle and {Harris}, Frederick H. and {Hayes}, J. and {Heckman}, Timothy M. and {Hennessy}, G.~S. and {Hindsley}, Robert B. and {Holm}, Scott and {Holmgren}, Donald J. and {Huang}, Chi-hao and {Hull}, Charles and {Husby}, Don and {Ichikawa}, Shin-Ichi and {Ichikawa}, Takashi and {Ivezi{\'c}}, {\v{Z}}eljko and {Kent}, Stephen and {Kim}, Rita S.~J. and {Kinney}, E. and {Klaene}, Mark and {Kleinman}, A.~N. and {Kleinman}, S. and {Knapp}, G.~R. and {Korienek}, John and {Kron}, Richard G. and {Kunszt}, Peter Z. and {Lamb}, D.~Q. and {Lee}, B. and {Leger}, R. French and {Limmongkol}, Siriluk and {Lindenmeyer}, Carl and {Long}, Daniel C. and {Loomis}, Craig and {Loveday}, Jon and {Lucinio}, Rich and {Lupton}, Robert H. and {MacKinnon}, Bryan and {Mannery}, Edward J. and {Mantsch}, P.~M. and {Margon}, Bruce and {McGehee}, Peregrine and {McKay}, Timothy A. and {Meiksin}, Avery and {Merelli}, Aronne and {Monet}, David G. and {Munn}, Jeffrey A. and {Narayanan}, Vijay K. and {Nash}, Thomas and {Neilsen}, Eric and {Neswold}, Rich and {Newberg}, Heidi Jo and {Nichol}, R.~C. and {Nicinski}, Tom and {Nonino}, Mario and {Okada}, Norio and {Okamura}, Sadanori and {Ostriker}, Jeremiah P. and {Owen}, Russell and {Pauls}, A. George and {Peoples}, John and {Peterson}, R.~L. and {Petravick}, Donald and {Pier}, Jeffrey R. and {Pope}, Adrian and {Pordes}, Ruth and {Prosapio}, Angela and {Rechenmacher}, Ron and {Quinn}, Thomas R. and {Richards}, Gordon T. and {Richmond}, Michael W. and {Rivetta}, Claudio H. and {Rockosi}, Constance M. and {Ruthmansdorfer}, Kurt and {Sandford}, Dale and {Schlegel}, David J. and {Schneider}, Donald P. and {Sekiguchi}, Maki and {Sergey}, Gary and {Shimasaku}, Kazuhiro and {Siegmund}, Walter A. and {Smee}, Stephen and {Smith}, J. Allyn and {Snedden}, S. and {Stone}, R. and {Stoughton}, Chris and {Strauss}, Michael A. and {Stubbs}, Christopher and {SubbaRao}, Mark and {Szalay}, Alexander S. and {Szapudi}, Istvan and {Szokoly}, Gyula P. and {Thakar}, Anirudda R. and {Tremonti}, Christy and {Tucker}, Douglas L. and {Uomoto}, Alan and {Vanden Berk}, Dan and {Vogeley}, Michael S. and {Waddell}, Patrick and {Wang}, Shu-i. and {Watanabe}, Masaru and {Weinberg}, David H. and {Yanny}, Brian and {Yasuda}, Naoki and {SDSS Collaboration}},
        title = "{The Sloan Digital Sky Survey: Technical Summary}",
      journal = {\aj},
     keywords = {Cosmology: Observations, Instrumentation: Miscellaneous, Astrophysics},
         year = 2000,
        month = sep,
       volume = {120},
       number = {3},
        pages = {1579-1587},
          doi = {10.1086/301513},
archivePrefix = {arXiv},
       eprint = {astro-ph/0006396},
 primaryClass = {astro-ph},
       adsurl = {https://ui.adsabs.harvard.edu/abs/2000AJ....120.1579Y},
      adsnote = {Provided by the SAO/NASA Astrophysics Data System}
}

@ARTICLE{Brown2021,
       author = {{Gaia Collaboration} and {Brown}, A.~G.~A. and {Vallenari}, A. and {Prusti}, T. and {de Bruijne}, J.~H.~J. and {Babusiaux}, C. and {Biermann}, M. and {Creevey}, O.~L. and {Evans}, D.~W. and {Eyer}, L. and {Hutton}, A. and {Jansen}, F. and {Jordi}, C. and {Klioner}, S.~A. and {Lammers}, U. and {Lindegren}, L. and {Luri}, X. and {Mignard}, F. and {Panem}, C. and {Pourbaix}, D. and {Randich}, S. and {Sartoretti}, P. and {Soubiran}, C. and {Walton}, N.~A. and {Arenou}, F. and {Bailer-Jones}, C.~A.~L. and {Bastian}, U. and {Cropper}, M. and {Drimmel}, R. and {Katz}, D. and {Lattanzi}, M.~G. and {van Leeuwen}, F. and {Bakker}, J. and {Cacciari}, C. and {Casta{\~n}eda}, J. and {De Angeli}, F. and {Ducourant}, C. and {Fabricius}, C. and {Fouesneau}, M. and {Fr{\'e}mat}, Y. and {Guerra}, R. and {Guerrier}, A. and {Guiraud}, J. and {Jean-Antoine Piccolo}, A. and {Masana}, E. and {Messineo}, R. and {Mowlavi}, N. and {Nicolas}, C. and {Nienartowicz}, K. and {Pailler}, F. and {Panuzzo}, P. and {Riclet}, F. and {Roux}, W. and {Seabroke}, G.~M. and {Sordo}, R. and {Tanga}, P. and {Th{\'e}venin}, F. and {Gracia-Abril}, G. and {Portell}, J. and {Teyssier}, D. and {Altmann}, M. and {Andrae}, R. and {Bellas-Velidis}, I. and {Benson}, K. and {Berthier}, J. and {Blomme}, R. and {Brugaletta}, E. and {Burgess}, P.~W. and {Busso}, G. and {Carry}, B. and {Cellino}, A. and {Cheek}, N. and {Clementini}, G. and {Damerdji}, Y. and {Davidson}, M. and {Delchambre}, L. and {Dell'Oro}, A. and {Fern{\'a}ndez-Hern{\'a}ndez}, J. and {Galluccio}, L. and {Garc{\'\i}a-Lario}, P. and {Garcia-Reinaldos}, M. and {Gonz{\'a}lez-N{\'u}{\~n}ez}, J. and {Gosset}, E. and {Haigron}, R. and {Halbwachs}, J. -L. and {Hambly}, N.~C. and {Harrison}, D.~L. and {Hatzidimitriou}, D. and {Heiter}, U. and {Hern{\'a}ndez}, J. and {Hestroffer}, D. and {Hodgkin}, S.~T. and {Holl}, B. and {Jan{\ss}en}, K. and {Jevardat de Fombelle}, G. and {Jordan}, S. and {Krone-Martins}, A. and {Lanzafame}, A.~C. and {L{\"o}ffler}, W. and {Lorca}, A. and {Manteiga}, M. and {Marchal}, O. and {Marrese}, P.~M. and {Moitinho}, A. and {Mora}, A. and {Muinonen}, K. and {Osborne}, P. and {Pancino}, E. and {Pauwels}, T. and {Petit}, J. -M. and {Recio-Blanco}, A. and {Richards}, P.~J. and {Riello}, M. and {Rimoldini}, L. and {Robin}, A.~C. and {Roegiers}, T. and {Rybizki}, J. and {Sarro}, L.~M. and {Siopis}, C. and {Smith}, M. and {Sozzetti}, A. and {Ulla}, A. and {Utrilla}, E. and {van Leeuwen}, M. and {van Reeven}, W. and {Abbas}, U. and {Abreu Aramburu}, A. and {Accart}, S. and {Aerts}, C. and {Aguado}, J.~J. and {Ajaj}, M. and {Altavilla}, G. and {{\'A}lvarez}, M.~A. and {{\'A}lvarez Cid-Fuentes}, J. and {Alves}, J. and {Anderson}, R.~I. and {Anglada Varela}, E. and {Antoja}, T. and {Audard}, M. and {Baines}, D. and {Baker}, S.~G. and {Balaguer-N{\'u}{\~n}ez}, L. and {Balbinot}, E. and {Balog}, Z. and {Barache}, C. and {Barbato}, D. and {Barros}, M. and {Barstow}, M.~A. and {Bartolom{\'e}}, S. and {Bassilana}, J. -L. and {Bauchet}, N. and {Baudesson-Stella}, A. and {Becciani}, U. and {Bellazzini}, M. and {Bernet}, M. and {Bertone}, S. and {Bianchi}, L. and {Blanco-Cuaresma}, S. and {Boch}, T. and {Bombrun}, A. and {Bossini}, D. and {Bouquillon}, S. and {Bragaglia}, A. and {Bramante}, L. and {Breedt}, E. and {Bressan}, A. and {Brouillet}, N. and {Bucciarelli}, B. and {Burlacu}, A. and {Busonero}, D. and {Butkevich}, A.~G. and {Buzzi}, R. and {Caffau}, E. and {Cancelliere}, R. and {C{\'a}novas}, H. and {Cantat-Gaudin}, T. and {Carballo}, R. and {Carlucci}, T. and {Carnerero}, M.~I. and {Carrasco}, J.~M. and {Casamiquela}, L. and {Castellani}, M. and {Castro-Ginard}, A. and {Castro Sampol}, P. and {Chaoul}, L. and {Charlot}, P. and {Chemin}, L. and {Chiavassa}, A. and {Cioni}, M. -R.~L. and {Comoretto}, G. and {Cooper}, W.~J. and {Cornez}, T. and {Cowell}, S. and {Crifo}, F. and {Crosta}, M. and {Crowley}, C. and {Dafonte}, C. and {Dapergolas}, A. and {David}, M. and {David}, P. and {de Laverny}, P. and {De Luise}, F. and {De March}, R. and {De Ridder}, J. and {de Souza}, R. and {de Teodoro}, P. and {de Torres}, A. and {del Peloso}, E.~F. and {del Pozo}, E. and {Delbo}, M. and {Delgado}, A. and {Delgado}, H.~E. and {Delisle}, J. -B. and {Di Matteo}, P. and {Diakite}, S. and {Diener}, C. and {Distefano}, E. and {Dolding}, C. and {Eappachen}, D. and {Edvardsson}, B. and {Enke}, H. and {Esquej}, P. and {Fabre}, C. and {Fabrizio}, M. and {Faigler}, S. and {Fedorets}, G. and {Fernique}, P. and {Fienga}, A. and {Figueras}, F. and {Fouron}, C. and {Fragkoudi}, F. and {Fraile}, E. and {Franke}, F. and {Gai}, M. and {Garabato}, D. and {Garcia-Gutierrez}, A. and {Garc{\'\i}a-Torres}, M. and {Garofalo}, A. and {Gavras}, P. and {Gerlach}, E. and {Geyer}, R. and {Giacobbe}, P. and {Gilmore}, G. and {Girona}, S. and {Giuffrida}, G. and {Gomel}, R. and {Gomez}, A. and {Gonzalez-Santamaria}, I. and {Gonz{\'a}lez-Vidal}, J.~J. and {Granvik}, M. and {Guti{\'e}rrez-S{\'a}nchez}, R. and {Guy}, L.~P. and {Hauser}, M. and {Haywood}, M. and {Helmi}, A. and {Hidalgo}, S.~L. and {Hilger}, T. and {H{\l}adczuk}, N. and {Hobbs}, D. and {Holland}, G. and {Huckle}, H.~E. and {Jasniewicz}, G. and {Jonker}, P.~G. and {Juaristi Campillo}, J. and {Julbe}, F. and {Karbevska}, L. and {Kervella}, P. and {Khanna}, S. and {Kochoska}, A. and {Kontizas}, M. and {Kordopatis}, G. and {Korn}, A.~J. and {Kostrzewa-Rutkowska}, Z. and {Kruszy{\'n}ska}, K. and {Lambert}, S. and {Lanza}, A.~F. and {Lasne}, Y. and {Le Campion}, J. -F. and {Le Fustec}, Y. and {Lebreton}, Y. and {Lebzelter}, T. and {Leccia}, S. and {Leclerc}, N. and {Lecoeur-Taibi}, I. and {Liao}, S. and {Licata}, E. and {Lindstr{\o}m}, E.~P. and {Lister}, T.~A. and {Livanou}, E. and {Lobel}, A. and {Madrero Pardo}, P. and {Managau}, S. and {Mann}, R.~G. and {Marchant}, J.~M. and {Marconi}, M. and {Marcos Santos}, M.~M.~S. and {Marinoni}, S. and {Marocco}, F. and {Marshall}, D.~J. and {Martin Polo}, L. and {Mart{\'\i}n-Fleitas}, J.~M. and {Masip}, A. and {Massari}, D. and {Mastrobuono-Battisti}, A. and {Mazeh}, T. and {McMillan}, P.~J. and {Messina}, S. and {Michalik}, D. and {Millar}, N.~R. and {Mints}, A. and {Molina}, D. and {Molinaro}, R. and {Moln{\'a}r}, L. and {Montegriffo}, P. and {Mor}, R. and {Morbidelli}, R. and {Morel}, T. and {Morris}, D. and {Mulone}, A.~F. and {Munoz}, D. and {Muraveva}, T. and {Murphy}, C.~P. and {Musella}, I. and {Noval}, L. and {Ord{\'e}novic}, C. and {Orr{\`u}}, G. and {Osinde}, J. and {Pagani}, C. and {Pagano}, I. and {Palaversa}, L. and {Palicio}, P.~A. and {Panahi}, A. and {Pawlak}, M. and {Pe{\~n}alosa Esteller}, X. and {Penttil{\"a}}, A. and {Piersimoni}, A.~M. and {Pineau}, F. -X. and {Plachy}, E. and {Plum}, G. and {Poggio}, E. and {Poretti}, E. and {Poujoulet}, E. and {Pr{\v{s}}a}, A. and {Pulone}, L. and {Racero}, E. and {Ragaini}, S. and {Rainer}, M. and {Raiteri}, C.~M. and {Rambaux}, N. and {Ramos}, P. and {Ramos-Lerate}, M. and {Re Fiorentin}, P. and {Regibo}, S. and {Reyl{\'e}}, C. and {Ripepi}, V. and {Riva}, A. and {Rixon}, G. and {Robichon}, N. and {Robin}, C. and {Roelens}, M. and {Rohrbasser}, L. and {Romero-G{\'o}mez}, M. and {Rowell}, N. and {Royer}, F. and {Rybicki}, K.~A. and {Sadowski}, G. and {Sagrist{\`a} Sell{\'e}s}, A. and {Sahlmann}, J. and {Salgado}, J. and {Salguero}, E. and {Samaras}, N. and {Sanchez Gimenez}, V. and {Sanna}, N. and {Santove{\~n}a}, R. and {Sarasso}, M. and {Schultheis}, M. and {Sciacca}, E. and {Segol}, M. and {Segovia}, J.~C. and {S{\'e}gransan}, D. and {Semeux}, D. and {Shahaf}, S. and {Siddiqui}, H.~I. and {Siebert}, A. and {Siltala}, L. and {Slezak}, E. and {Smart}, R.~L. and {Solano}, E. and {Solitro}, F. and {Souami}, D. and {Souchay}, J. and {Spagna}, A. and {Spoto}, F. and {Steele}, I.~A. and {Steidelm{\"u}ller}, H. and {Stephenson}, C.~A. and {S{\"u}veges}, M. and {Szabados}, L. and {Szegedi-Elek}, E. and {Taris}, F. and {Tauran}, G. and {Taylor}, M.~B. and {Teixeira}, R. and {Thuillot}, W. and {Tonello}, N. and {Torra}, F. and {Torra}, J. and {Turon}, C. and {Unger}, N. and {Vaillant}, M. and {van Dillen}, E. and {Vanel}, O. and {Vecchiato}, A. and {Viala}, Y. and {Vicente}, D. and {Voutsinas}, S. and {Weiler}, M. and {Wevers}, T. and {Wyrzykowski}, {\L}. and {Yoldas}, A. and {Yvard}, P. and {Zhao}, H. and {Zorec}, J. and {Zucker}, S. and {Zurbach}, C. and {Zwitter}, T.},
        title = "{Gaia Early Data Release 3. Summary of the contents and survey properties}",
      journal = {\aap},
     keywords = {catalogs, astrometry, parallaxes, proper motions, techniques: photometric, techniques: radial velocities, Astrophysics - Astrophysics of Galaxies},
         year = 2021,
        month = may,
       volume = {649},
          eid = {A1},
        pages = {A1},
          doi = {10.1051/0004-6361/202039657},
archivePrefix = {arXiv},
       eprint = {2012.01533},
 primaryClass = {astro-ph.GA},
       adsurl = {https://ui.adsabs.harvard.edu/abs/2021A&A...649A...1G},
      adsnote = {Provided by the SAO/NASA Astrophysics Data System}
}

@ARTICLE{VandenBerk2001,
       author = {{Vanden Berk}, Daniel E. and {Richards}, Gordon T. and {Bauer}, Amanda and {Strauss}, Michael A. and {Schneider}, Donald P. and {Heckman}, Timothy M. and {York}, Donald G. and {Hall}, Patrick B. and {Fan}, Xiaohui and {Knapp}, G.~R. and {Anderson}, Scott F. and {Annis}, James and {Bahcall}, Neta A. and {Bernardi}, Mariangela and {Briggs}, John W. and {Brinkmann}, J. and {Brunner}, Robert and {Burles}, Scott and {Carey}, Larry and {Castander}, Francisco J. and {Connolly}, A.~J. and {Crocker}, J.~H. and {Csabai}, Istv{\'a}n and {Doi}, Mamoru and {Finkbeiner}, Douglas and {Friedman}, Scott and {Frieman}, Joshua A. and {Fukugita}, Masataka and {Gunn}, James E. and {Hennessy}, G.~S. and {Ivezi{\'c}}, {\v{Z}}eljko and {Kent}, Stephen and {Kunszt}, Peter Z. and {Lamb}, D.~Q. and {Leger}, R. French and {Long}, Daniel C. and {Loveday}, Jon and {Lupton}, Robert H. and {Meiksin}, Avery and {Merelli}, Aronne and {Munn}, Jeffrey A. and {Newberg}, Heidi Jo and {Newcomb}, Matt and {Nichol}, R.~C. and {Owen}, Russell and {Pier}, Jeffrey R. and {Pope}, Adrian and {Rockosi}, Constance M. and {Schlegel}, David J. and {Siegmund}, Walter A. and {Smee}, Stephen and {Snir}, Yehuda and {Stoughton}, Chris and {Stubbs}, Christopher and {SubbaRao}, Mark and {Szalay}, Alexander S. and {Szokoly}, Gyula P. and {Tremonti}, Christy and {Uomoto}, Alan and {Waddell}, Patrick and {Yanny}, Brian and {Zheng}, Wei},
        title = "{Composite Quasar Spectra from the Sloan Digital Sky Survey}",
      journal = {\aj},
     keywords = {Galaxies: Quasars: Emission Lines, Galaxies: Quasars: General, Astrophysics},
         year = 2001,
        month = aug,
       volume = {122},
       number = {2},
        pages = {549-564},
          doi = {10.1086/321167},
archivePrefix = {arXiv},
       eprint = {astro-ph/0105231},
 primaryClass = {astro-ph},
       adsurl = {https://ui.adsabs.harvard.edu/abs/2001AJ....122..549V},
      adsnote = {Provided by the SAO/NASA Astrophysics Data System}
}

@ARTICLE{Nakajima2018,
       author = {{Nakajima}, Kimihiko and {Fletcher}, Thomas and {Ellis}, Richard S. and {Robertson}, Brant E. and {Iwata}, Ikuru},
        title = "{The mean ultraviolet spectrum of a representative sample of faint z {\ensuremath{\sim}} 3 Lyman alpha emitters}",
      journal = {\mnras},
     keywords = {galaxies: evolution, galaxies: high-redshift, Astrophysics - Astrophysics of Galaxies},
         year = 2018,
        month = jun,
       volume = {477},
       number = {2},
        pages = {2098-2111},
          doi = {10.1093/mnras/sty750},
archivePrefix = {arXiv},
       eprint = {1801.03085},
 primaryClass = {astro-ph.GA},
       adsurl = {https://ui.adsabs.harvard.edu/abs/2018MNRAS.477.2098N},
      adsnote = {Provided by the SAO/NASA Astrophysics Data System}
}

@ARTICLE{Palanque-Delabrouille2016,
       author = {{Palanque-Delabrouille}, N. and {Magneville}, Ch. and {Y{\`e}che}, Ch. and {P{\^a}ris}, I. and {Petitjean}, P. and {Burtin}, E. and {Dawson}, K. and {McGreer}, I. and {Myers}, A.~D. and {Rossi}, G. and {Schlegel}, D. and {Schneider}, D. and {Streblyanska}, A. and {Tinker}, J.},
        title = "{The extended Baryon Oscillation Spectroscopic Survey: Variability selection and quasar luminosity function}",
      journal = {\aap},
     keywords = {quasars: general, large-scale structure of Universe, surveys, Astrophysics - Cosmology and Nongalactic Astrophysics},
         year = 2016,
        month = mar,
       volume = {587},
          eid = {A41},
        pages = {A41},
          doi = {10.1051/0004-6361/201527392},
archivePrefix = {arXiv},
       eprint = {1509.05607},
 primaryClass = {astro-ph.CO},
       adsurl = {https://ui.adsabs.harvard.edu/abs/2016A&A...587A..41P},
      adsnote = {Provided by the SAO/NASA Astrophysics Data System}
}

@ARTICLE{Stroe2017a,
       author = {{Stroe}, Andra and {Sobral}, David and {Matthee}, Jorryt and {Calhau}, Jo{\~a}o and {Oteo}, Ivan},
        title = "{A 1.4 deg$^{2}$ blind survey for C II], C III] and C IV at z {\ensuremath{\sim}} 0.7-1.5 - II. Luminosity functions and cosmic average line ratios}",
      journal = {\mnras},
     keywords = {galaxies: active, galaxies: high redshift, galaxies: luminosity function, mass function, quasars: emission lines, star formation, cosmology: observations, Astrophysics - Astrophysics of Galaxies, Astrophysics - Cosmology and Nongalactic Astrophysics},
         year = 2017,
        month = nov,
       volume = {471},
       number = {3},
        pages = {2575-2586},
          doi = {10.1093/mnras/stx1713},
archivePrefix = {arXiv},
       eprint = {1704.01124},
 primaryClass = {astro-ph.GA},
       adsurl = {https://ui.adsabs.harvard.edu/abs/2017MNRAS.471.2575S},
      adsnote = {Provided by the SAO/NASA Astrophysics Data System}
}

@ARTICLE{Stroe2017b,
       author = {{Stroe}, Andra and {Sobral}, David and {Matthee}, Jorryt and {Calhau}, Jo{\~a}o and {Oteo}, Ivan},
        title = "{A 1.4 deg$^{2}$ blind survey for C II], C III] and C IV at z {\ensuremath{\sim}} 0.7-1.5 - I. Nature, morphologies and equivalent widths}",
      journal = {\mnras},
     keywords = {galaxies: active, galaxies: high-redshift, quasars: emission lines, galaxies: star formation, cosmology: observations, Astrophysics - Astrophysics of Galaxies, Astrophysics - Cosmology and Nongalactic Astrophysics},
         year = 2017,
        month = nov,
       volume = {471},
       number = {3},
        pages = {2558-2574},
          doi = {10.1093/mnras/stx1712},
archivePrefix = {arXiv},
       eprint = {1703.10169},
 primaryClass = {astro-ph.GA},
       adsurl = {https://ui.adsabs.harvard.edu/abs/2017MNRAS.471.2558S},
      adsnote = {Provided by the SAO/NASA Astrophysics Data System}
}

@ARTICLE{Paris2017,
       author = {{P{\^a}ris}, Isabelle and {Petitjean}, Patrick and {Ross}, Nicholas P. and {Myers}, Adam D. and {Aubourg}, {\'E}ric and {Streblyanska}, Alina and {Bailey}, Stephen and {Armengaud}, {\'E}ric and {Palanque-Delabrouille}, Nathalie and {Y{\`e}che}, Christophe and {Hamann}, Fred and {Strauss}, Michael A. and {Albareti}, Franco D. and {Bovy}, Jo and {Bizyaev}, Dmitry and {Niel Brandt}, W. and {Brusa}, Marcella and {Buchner}, Johannes and {Comparat}, Johan and {Croft}, Rupert A.~C. and {Dwelly}, Tom and {Fan}, Xiaohui and {Font-Ribera}, Andreu and {Ge}, Jian and {Georgakakis}, Antonis and {Hall}, Patrick B. and {Jiang}, Linhua and {Kinemuchi}, Karen and {Malanushenko}, Elena and {Malanushenko}, Viktor and {McMahon}, Richard G. and {Menzel}, Marie-Luise and {Merloni}, Andrea and {Nandra}, Kirpal and {Noterdaeme}, Pasquier and {Oravetz}, Daniel and {Pan}, Kaike and {Pieri}, Matthew M. and {Prada}, Francisco and {Salvato}, Mara and {Schlegel}, David J. and {Schneider}, Donald P. and {Simmons}, Audrey and {Viel}, Matteo and {Weinberg}, David H. and {Zhu}, Liu},
        title = "{The Sloan Digital Sky Survey Quasar Catalog: Twelfth data release}",
      journal = {\aap},
     keywords = {catalogs, surveys, quasars: general, Astrophysics - Astrophysics of Galaxies, Astrophysics - Cosmology and Nongalactic Astrophysics},
         year = 2017,
        month = jan,
       volume = {597},
          eid = {A79},
        pages = {A79},
          doi = {10.1051/0004-6361/201527999},
archivePrefix = {arXiv},
       eprint = {1608.06483},
 primaryClass = {astro-ph.GA},
       adsurl = {https://ui.adsabs.harvard.edu/abs/2017A&A...597A..79P},
      adsnote = {Provided by the SAO/NASA Astrophysics Data System}
}

@ARTICLE{Lyke2020,
       author = {{Lyke}, Brad W. and {Higley}, Alexandra N. and {McLane}, J.~N. and {Schurhammer}, Danielle P. and {Myers}, Adam D. and {Ross}, Ashley J. and {Dawson}, Kyle and {Chabanier}, Sol{\`e}ne and {Martini}, Paul and {Busca}, Nicol{\'a}s G. and {Mas des Bourboux}, H{\'e}lion du and {Salvato}, Mara and {Streblyanska}, Alina and {Zarrouk}, Pauline and {Burtin}, Etienne and {Anderson}, Scott F. and {Bautista}, Julian and {Bizyaev}, Dmitry and {Brandt}, W.~N. and {Brinkmann}, Jonathan and {Brownstein}, Joel R. and {Comparat}, Johan and {Green}, Paul and {de la Macorra}, Axel and {Mu{\~n}oz Guti{\'e}rrez}, Andrea and {Hou}, Jiamin and {Newman}, Jeffrey A. and {Palanque-Delabrouille}, Nathalie and {P{\^a}ris}, Isabelle and {Percival}, Will J. and {Petitjean}, Patrick and {Rich}, James and {Rossi}, Graziano and {Schneider}, Donald P. and {Smith}, Alexander and {Vivek}, M. and {Weaver}, Benjamin Alan},
        title = "{The Sloan Digital Sky Survey Quasar Catalog: Sixteenth Data Release}",
      journal = {\apjs},
     keywords = {Catalogs, Surveys, Quasars, Cosmology, Large-scale structure of the universe, Observational cosmology, 205, 1671, 1319, 343, 902, 1146, Astrophysics - Astrophysics of Galaxies, Astrophysics - Cosmology and Nongalactic Astrophysics},
         year = 2020,
        month = sep,
       volume = {250},
       number = {1},
          eid = {8},
        pages = {8},
          doi = {10.3847/1538-4365/aba623},
archivePrefix = {arXiv},
       eprint = {2007.09001},
 primaryClass = {astro-ph.GA},
       adsurl = {https://ui.adsabs.harvard.edu/abs/2020ApJS..250....8L},
      adsnote = {Provided by the SAO/NASA Astrophysics Data System}
}

@ARTICLE{Izquierdo-Villalba2019,
       author = {{Izquierdo-Villalba}, David and {Angulo}, Raul E. and {Orsi}, Alvaro and {Hurier}, Guillaume and {Vilella-Rojo}, Gonzalo and {Bonoli}, Silvia and {L{\'o}pez-Sanjuan}, Carlos and {Alcaniz}, Jailson and {Cenarro}, Javier and {Crist{\'o}bal-Hornillos}, David and {Dupke}, Renato and {Ederoclite}, Alessandro and {Hern{\'a}ndez-Monteagudo}, Carlos and {Mar{\'\i}n-Franch}, Antonio and {Moles}, Mariano and {Mendes de Oliveira}, Claudia and {Sodr{\'e}}, Laerte and {Varela}, Jes{\'u}s and {V{\'a}zquez Rami{\'o}}, H{\'e}ctor},
        title = "{J-PLUS: Synthetic galaxy catalogues with emission lines for photometric surveys}",
      journal = {\aap},
     keywords = {methods: numerical, catalogs, galaxies: evolution, large-scale structure of Universe, galaxies: photometry, galaxies: general, Astrophysics - Astrophysics of Galaxies},
         year = 2019,
        month = nov,
       volume = {631},
          eid = {A82},
        pages = {A82},
          doi = {10.1051/0004-6361/201936232},
archivePrefix = {arXiv},
       eprint = {1907.02111},
 primaryClass = {astro-ph.GA},
       adsurl = {https://ui.adsabs.harvard.edu/abs/2019A&A...631A..82I},
      adsnote = {Provided by the SAO/NASA Astrophysics Data System}
}

@ARTICLE{Springel2005,
author={Springel, Volker
and White, Simon D. M.
and Jenkins, Adrian
and Frenk, Carlos S.
and Yoshida, Naoki
and Gao, Liang
and Navarro, Julio
and Thacker, Robert
and Croton, Darren
and Helly, John
and Peacock, John A.
and Cole, Shaun
and Thomas, Peter
and Couchman, Hugh
and Evrard, August
and Colberg, J{\"o}rg
and Pearce, Frazer},
title={Simulations of the formation, evolution and clustering of galaxies and quasars},
journal={Nature},
year={2005},
month={Jun},
day={01},
volume={435},
number={7042},
pages={629-636},
abstract={The cold dark matter model has become the leading theoretical picture for the formation of structure in the Universe. This model, together with the theory of cosmic inflation, makes a clear prediction for the initial conditions for structure formation and predicts that structures grow hierarchically through gravitational instability. Testing this model requires that the precise measurements delivered by galaxy surveys can be compared to robust and equally precise theoretical calculations. Here we present a simulation of the growth of dark matter structure using 2,1603 particles, following them from redshift z = 127 to the present in a cube-shaped region 2.230 billion lightyears on a side. In postprocessing, we also follow the formation and evolution of the galaxies and quasars. We show that baryon-induced features in the initial conditions of the Universe are reflected in distorted form in the low-redshift galaxy distribution, an effect that can be used to constrain the nature of dark energy with future generations of observational surveys of galaxies.},
issn={1476-4687},
doi={10.1038/nature03597},
url={https://doi.org/10.1038/nature03597}
}

@ARTICLE{Guo2011,
       author = {{Guo}, Qi and {White}, Simon and {Boylan-Kolchin}, Michael and {De Lucia}, Gabriella and {Kauffmann}, Guinevere and {Lemson}, Gerard and {Li}, Cheng and {Springel}, Volker and {Weinmann}, Simone},
        title = "{From dwarf spheroidals to cD galaxies: simulating the galaxy population in a {\ensuremath{\Lambda}}CDM cosmology}",
      journal = {\mnras},
     keywords = {galaxies: haloes, galaxies: luminosity function, mass function, cosmology: theory, dark matter, large-scale structure of Universe, Astrophysics - Cosmology and Nongalactic Astrophysics},
         year = 2011,
        month = may,
       volume = {413},
       number = {1},
        pages = {101-131},
          doi = {10.1111/j.1365-2966.2010.18114.x},
archivePrefix = {arXiv},
       eprint = {1006.0106},
 primaryClass = {astro-ph.CO},
       adsurl = {https://ui.adsabs.harvard.edu/abs/2011MNRAS.413..101G},
      adsnote = {Provided by the SAO/NASA Astrophysics Data System}
}

@ARTICLE{Orsi2014,
       author = {{Orsi}, {\'A}lvaro and {Padilla}, Nelson and {Groves}, Brent and {Cora}, Sof{\'\i}a and {Tecce}, Tom{\'a}s and {Gargiulo}, Ignacio and {Ruiz}, Andr{\'e}s},
        title = "{The nebular emission of star-forming galaxies in a hierarchical universe}",
      journal = {\mnras},
     keywords = {methods: numerical, galaxies: evolution, galaxies: high-redshift, Astrophysics - Cosmology and Nongalactic Astrophysics, Astrophysics - Astrophysics of Galaxies},
         year = 2014,
        month = sep,
       volume = {443},
       number = {1},
        pages = {799-814},
          doi = {10.1093/mnras/stu1203},
archivePrefix = {arXiv},
       eprint = {1402.5145},
 primaryClass = {astro-ph.CO},
       adsurl = {https://ui.adsabs.harvard.edu/abs/2014MNRAS.443..799O},
      adsnote = {Provided by the SAO/NASA Astrophysics Data System}
}

@ARTICLE{Cassata2015,
       author = {{Cassata}, P. and {Tasca}, L.~A.~M. and {Le F{\`e}vre}, O. and {Lemaux}, B.~C. and {Garilli}, B. and {Le Brun}, V. and {Maccagni}, D. and {Pentericci}, L. and {Thomas}, R. and {Vanzella}, E. and {Zamorani}, G. and {Zucca}, E. and {Amorin}, R. and {Bardelli}, S. and {Capak}, P. and {Cassar{\`a}}, L.~P. and {Castellano}, M. and {Cimatti}, A. and {Cuby}, J.~G. and {Cucciati}, O. and {de la Torre}, S. and {Durkalec}, A. and {Fontana}, A. and {Giavalisco}, M. and {Grazian}, A. and {Hathi}, N.~P. and {Ilbert}, O. and {Moreau}, C. and {Paltani}, S. and {Ribeiro}, B. and {Salvato}, M. and {Schaerer}, D. and {Scodeggio}, M. and {Sommariva}, V. and {Talia}, M. and {Taniguchi}, Y. and {Tresse}, L. and {Vergani}, D. and {Wang}, P.~W. and {Charlot}, S. and {Contini}, T. and {Fotopoulou}, S. and {Koekemoer}, A.~M. and {L{\'o}pez-Sanjuan}, C. and {Mellier}, Y. and {Scoville}, N.},
        title = "{The VIMOS Ultra-Deep Survey (VUDS): fast increase in the fraction of strong Lyman-{\ensuremath{\alpha}} emitters from z = 2 to z = 6}",
      journal = {\aap},
     keywords = {galaxies: evolution, galaxies: formation, galaxies: high-redshift, galaxies: fundamental parameters, cosmology: observations, Astrophysics - Astrophysics of Galaxies, Astrophysics - Cosmology and Nongalactic Astrophysics},
         year = 2015,
        month = jan,
       volume = {573},
          eid = {A24},
        pages = {A24},
          doi = {10.1051/0004-6361/201423824},
archivePrefix = {arXiv},
       eprint = {1403.3693},
 primaryClass = {astro-ph.GA},
       adsurl = {https://ui.adsabs.harvard.edu/abs/2015A&A...573A..24C},
      adsnote = {Provided by the SAO/NASA Astrophysics Data System}
}

@ARTICLE{Cassata2011,
       author = {{Cassata}, P. and {Le F{\`e}vre}, O. and {Garilli}, B. and {Maccagni}, D. and {Le Brun}, V. and {Scodeggio}, M. and {Tresse}, L. and {Ilbert}, O. and {Zamorani}, G. and {Cucciati}, O. and {Contini}, T. and {Bielby}, R. and {Mellier}, Y. and {McCracken}, H.~J. and {Pollo}, A. and {Zanichelli}, A. and {Bardelli}, S. and {Cappi}, A. and {Pozzetti}, L. and {Vergani}, D. and {Zucca}, E.},
        title = "{The VIMOS VLT Deep Survey: star formation rate density of Ly{\ensuremath{\alpha}} emitters from a sample of 217 galaxies with spectroscopic redshifts 2 {\ensuremath{\leq}} z {\ensuremath{\leq}} 6.6}",
      journal = {\aap},
     keywords = {cosmology: observations, galaxies: fundamental parameters, galaxies: evolution, galaxies: formation, Astrophysics - Cosmology and Nongalactic Astrophysics},
         year = 2011,
        month = jan,
       volume = {525},
          eid = {A143},
        pages = {A143},
          doi = {10.1051/0004-6361/201014410},
archivePrefix = {arXiv},
       eprint = {1003.3480},
 primaryClass = {astro-ph.CO},
       adsurl = {https://ui.adsabs.harvard.edu/abs/2011A&A...525A.143C},
      adsnote = {Provided by the SAO/NASA Astrophysics Data System}
}

@ARTICLE{Zheng2013,
       author = {{Zheng}, Zhen-Ya and {Wang}, Jun-Xian and {Malhotra}, Sangeeta and {Rhoads}, James E. and {Finkelstein}, Steven L. and {Finkelstein}, Keely},
        title = "{Ly{\ensuremath{\alpha}} equivalent width distribution of Ly{\ensuremath{\alpha}} emitting galaxies at redshift z {\ensuremath{\sim}} 4.5}",
      journal = {\mnras},
     keywords = {galaxies: active, galaxies: high-redshift, galaxies: starburst, Astrophysics - Cosmology and Extragalactic Astrophysics},
         year = 2014,
        month = mar,
       volume = {439},
       number = {1},
        pages = {1101-1109},
          doi = {10.1093/mnras/stu054},
archivePrefix = {arXiv},
       eprint = {1310.4835},
 primaryClass = {astro-ph.CO},
       adsurl = {https://ui.adsabs.harvard.edu/abs/2014MNRAS.439.1101Z},
      adsnote = {Provided by the SAO/NASA Astrophysics Data System}
}

@ARTICLE{Kerutt2022,
       author = {{Kerutt}, J. and {Wisotzki}, L. and {Verhamme}, A. and {Schmidt}, K.~B. and {Leclercq}, F. and {Herenz}, E.~C. and {Urrutia}, T. and {Garel}, T. and {Hashimoto}, T. and {Maseda}, M. and {Matthee}, J. and {Kusakabe}, H. and {Schaye}, J. and {Richard}, J. and {Guiderdoni}, B. and {Mauerhofer}, V. and {Nanayakkara}, T. and {Vitte}, E.},
        title = "{Equivalent widths of Lyman {\ensuremath{\alpha}} emitters in MUSE-Wide and MUSE-Deep}",
      journal = {\aap},
     keywords = {galaxies: high-redshift, galaxies: formation, galaxies: evolution, cosmology: observations, Astrophysics - Astrophysics of Galaxies},
         year = 2022,
        month = mar,
       volume = {659},
          eid = {A183},
        pages = {A183},
          doi = {10.1051/0004-6361/202141900},
archivePrefix = {arXiv},
       eprint = {2202.06642},
 primaryClass = {astro-ph.GA},
       adsurl = {https://ui.adsabs.harvard.edu/abs/2022A&A...659A.183K},
      adsnote = {Provided by the SAO/NASA Astrophysics Data System}
}

@ARTICLE{Drake2017,
       author = {{Drake}, Alyssa B. and {Guiderdoni}, Bruno and {Blaizot}, J{\'e}r{\'e}my and {Wisotzki}, Lutz and {Herenz}, Edmund Christian and {Garel}, Thibault and {Richard}, Johan and {Bacon}, Roland and {Bina}, David and {Cantalupo}, Sebastiano and {Contini}, Thierry and {den Brok}, Mark and {Hashimoto}, Takuya and {Marino}, Raffaella Anna and {Pell{\'o}}, Roser and {Schaye}, Joop and {Schmidt}, Kasper B.},
        title = "{MUSE deep-fields: the Ly {\ensuremath{\alpha}} luminosity function in the Hubble Deep Field-South at 2.91 < z < 6.64}",
      journal = {\mnras},
     keywords = {surveys, galaxies: evolution, galaxies: formation, galaxies: high-redshift, galaxies: luminosity functions, mass function, cosmology: observations, Astrophysics - Astrophysics of Galaxies},
         year = 2017,
        month = oct,
       volume = {471},
       number = {1},
        pages = {267-278},
          doi = {10.1093/mnras/stx1515},
archivePrefix = {arXiv},
       eprint = {1609.02920},
 primaryClass = {astro-ph.GA},
       adsurl = {https://ui.adsabs.harvard.edu/abs/2017MNRAS.471..267D},
      adsnote = {Provided by the SAO/NASA Astrophysics Data System}
}
@ARTICLE{Matthee2017b,
       author = {{Matthee}, Jorryt and {Sobral}, David and {Best}, Philip and {Smail}, Ian and {Bian}, Fuyan and {Darvish}, Behnam and {R{\"o}ttgering}, Huub and {Fan}, Xiaohui},
        title = "{Bo{\"o}tes-HiZELS: an optical to near-infrared survey of emission-line galaxies at z = 0.4-4.7}",
      journal = {\mnras},
     keywords = {galaxies: active, galaxies: evolution, galaxies: high-redshift, galaxies: luminosity function, mass function, galaxies: star formation, Astrophysics - Astrophysics of Galaxies, Astrophysics - Cosmology and Nongalactic Astrophysics},
         year = 2017,
        month = oct,
       volume = {471},
       number = {1},
        pages = {629-649},
          doi = {10.1093/mnras/stx1569},
archivePrefix = {arXiv},
       eprint = {1702.04721},
 primaryClass = {astro-ph.GA},
       adsurl = {https://ui.adsabs.harvard.edu/abs/2017MNRAS.471..629M},
      adsnote = {Provided by the SAO/NASA Astrophysics Data System}
}

@ARTICLE{Schechter1976,
       author = {{Schechter}, P.},
        title = "{An analytic expression for the luminosity function for galaxies.}",
      journal = {\apj},
         year = 1976,
        month = jan,
       volume = {203},
        pages = {297-306},
          doi = {10.1086/154079},
       adsurl = {https://ui.adsabs.harvard.edu/abs/1976ApJ...203..297S},
      adsnote = {Provided by the SAO/NASA Astrophysics Data System}
}

@article{Greig2016,
    author = {Greig, Bradley and Mesinger, Andrei and McGreer, Ian D. and Gallerani, Simona and Haiman, Zoltán},
    title = "{Lyα emission-line reconstruction for high-z QSOs}",
    journal = {Monthly Notices of the Royal Astronomical Society},
    volume = {466},
    number = {2},
    pages = {1814-1838},
    year = {2016},
    month = {12},
    abstract = "{We introduce an intrinsic Lyα emission-line profile reconstruction method for high-z quasars (QSOs). This approach utilises a covariance matrix of emission-line properties obtained from a large, moderate-z (2 ≤ z ≤ 2.5), high signal to noise (S/N \\&gt; 15) sample of BOSS QSOs. For each QSO, we complete a Monte Carlo Markov Chain fitting of the continuum and emission-line properties and perform a visual quality assessment to construct a large data base of robustly fit spectra. With this data set, we construct a covariance matrix to describe the correlations between the high-ionization emission lines Lyα, C iv, Si iv +O iv] and C iii], and find it to be well approximated by an N-dimensional Gaussian distribution. This covariance matrix characterizes the correlations between the linewidth, peak height and velocity offset from systemic while also allowing for the existence of broad- and narrow-line components for Lyα and C iv. We illustrate how this covariance matrix allows us to statistically characterize the intrinsic Lyα line solely from the observed spectrum redward of 1275 Å. This procedure can be used to reconstruct the intrinsic Lyα line emission profile in cases where Lyα may otherwise be obscured. Applying this reconstruction method to our sample of QSOs, we recovered the Lyα line flux to within 15 per cent of the measured flux at 1205 Å (1220 Å) ∼85 (90) per cent of the time.}",
    issn = {0035-8711},
    doi = {10.1093/mnras/stw3210},
    url = {https://doi.org/10.1093/mnras/stw3210},
    eprint = {https://academic.oup.com/mnras/article-pdf/466/2/1814/10868165/stw3210.pdf},
}

@ARTICLE{Martinez-Solaeche2021,
       author = {{Mart{\'\i}nez-Solaeche}, G. and {Gonz{\'a}lez Delgado}, R.~M. and {Garc{\'\i}a-Benito}, R. and {de Amorim}, A. and {P{\'e}rez}, E. and {Rodr{\'\i}guez-Mart{\'\i}n}, J.~E. and {D{\'\i}az-Garc{\'\i}a}, L.~A. and {Cid Fernandes}, R. and {L{\'o}pez-Sanjuan}, C. and {Bonoli}, S. and {Cenarro}, A.~J. and {Dupke}, R.~A. and {Mar{\'\i}n-Franch}, A. and {Varela}, J. and {V{\'a}zquez Rami{\'o}}, H. and {Abramo}, L.~R. and {Crist{\'o}bal-Hornillos}, D. and {Moles}, M. and {Alcaniz}, J. and {Baqui}, P.~O. and {Benitez}, N. and {Carneiro}, S. and {Cortesi}, A. and {Ederoclite}, A. and {Marra}, V. and {Mendes de Oliveira}, C. and {Sodr{\'e}}, L. and {V{\'\i}lchez}, J.~M. and {Taylor}, K.},
        title = "{J-PAS: Measuring emission lines with artificial neural networks}",
      journal = {\aap},
     keywords = {Galaxy: evolution, surveys, techniques: photometric, methods: data analysis, Astrophysics - Astrophysics of Galaxies},
         year = 2021,
        month = mar,
       volume = {647},
          eid = {A158},
        pages = {A158},
          doi = {10.1051/0004-6361/202039146},
archivePrefix = {arXiv},
       eprint = {2008.04287},
 primaryClass = {astro-ph.GA},
       adsurl = {https://ui.adsabs.harvard.edu/abs/2021A&A...647A.158M},
      adsnote = {Provided by the SAO/NASA Astrophysics Data System}
}

@ARTICLE{Ouchi2008,
       author = {{Ouchi}, Masami and {Shimasaku}, Kazuhiro and {Akiyama}, Masayuki and {Simpson}, Chris and {Saito}, Tomoki and {Ueda}, Yoshihiro and {Furusawa}, Hisanori and {Sekiguchi}, Kazuhiro and {Yamada}, Toru and {Kodama}, Tadayuki and {Kashikawa}, Nobunari and {Okamura}, Sadanori and {Iye}, Masanori and {Takata}, Tadafumi and {Yoshida}, Michitoshi and {Yoshida}, Makiko},
        title = "{The Subaru/XMM-Newton Deep Survey (SXDS). IV. Evolution of Ly{\ensuremath{\alpha}} Emitters from z = 3.1 to 5.7 in the 1 deg$^{2}$ Field: Luminosity Functions and AGN}",
      journal = {\apjs},
     keywords = {cosmology: observations, galaxies: formation, galaxies: high-redshift, Astrophysics},
         year = 2008,
        month = jun,
       volume = {176},
       number = {2},
        pages = {301-330},
          doi = {10.1086/527673},
archivePrefix = {arXiv},
       eprint = {0707.3161},
 primaryClass = {astro-ph},
       adsurl = {https://ui.adsabs.harvard.edu/abs/2008ApJS..176..301O},
      adsnote = {Provided by the SAO/NASA Astrophysics Data System}
}

@ARTICLE{Santos2016,
       author = {{Santos}, S{\'e}rgio and {Sobral}, David and {Matthee}, Jorryt},
        title = "{The Ly{\ensuremath{\alpha}} luminosity function at z = 5.7 - 6.6 and the steep drop of the faint end: implications for reionization}",
      journal = {\mnras},
     keywords = {galaxies: high-redshift, galaxies: luminosity function, cosmology:observations, cosmology: dark ages, reionization, first stars, mass function, cosmology: observations, dark ages, Astrophysics - Astrophysics of Galaxies, Astrophysics - Cosmology and Nongalactic Astrophysics},
         year = 2016,
        month = dec,
       volume = {463},
       number = {2},
        pages = {1678-1691},
          doi = {10.1093/mnras/stw2076},
archivePrefix = {arXiv},
       eprint = {1606.07435},
 primaryClass = {astro-ph.GA},
       adsurl = {https://ui.adsabs.harvard.edu/abs/2016MNRAS.463.1678S},
      adsnote = {Provided by the SAO/NASA Astrophysics Data System}
}

@ARTICLE{Fujita2003,
       author = {{Fujita}, Shinobu S. and {Ajiki}, Masaru and {Shioya}, Yasuhiro and {Nagao}, Tohru and {Murayama}, Takashi and {Taniguchi}, Yoshiaki and {Okamura}, Sadanori and {Ouchi}, Masami and {Shimasaku}, Kazuhiro and {Doi}, Mamoru and {Furusawa}, Hisanori and {Hamabe}, Masaru and {Kimura}, Masahiko and {Komiyama}, Yutaka and {Miyazaki}, Masayuki and {Miyazaki}, Satoshi and {Nakata}, Fumiaki and {Sekiguchi}, Maki and {Yagi}, Masafumi and {Yasuda}, Naoki and {Matsuda}, Yuichi and {Tamura}, Hajime and {Hayashino}, Tomoki and {Kodaira}, Keiichi and {Karoji}, Hiroshi and {Yamada}, Toru and {Ohta}, Kouji and {Umemura}, Masayuki},
        title = "{A Search for Ly{\ensuremath{\alpha}} Emitters at Redshift 3.7}",
      journal = {\aj},
     keywords = {Cosmology: Observations, Cosmology: Early Universe, Galaxies: Evolution, Galaxies: Formation, Astrophysics},
         year = 2003,
        month = jan,
       volume = {125},
       number = {1},
        pages = {13-31},
          doi = {10.1086/344806},
archivePrefix = {arXiv},
       eprint = {astro-ph/0210055},
 primaryClass = {astro-ph},
       adsurl = {https://ui.adsabs.harvard.edu/abs/2003AJ....125...13F},
      adsnote = {Provided by the SAO/NASA Astrophysics Data System}
}


@ARTICLE{Pritchet1994,
       author = {{Pritchet}, C.~J.},
        title = "{The Search for Primeval Galaxies}",
      journal = {\pasp},
     keywords = {Galactic Evolution, Galactic Nuclei, Lyman Alpha Radiation, Red Shift, Searching, Star Formation, Star Formation Rate, Starburst Galaxies, Angular Distribution, Cosmic Dust, Infrared Radiation, Millimeter Waves, Submillimeter Waves, Astronomy, GALAXIES: EVOLUTION, INVITED REVIEW PAPER},
         year = 1994,
        month = oct,
       volume = {106},
        pages = {1052},
          doi = {10.1086/133479},
       adsurl = {https://ui.adsabs.harvard.edu/abs/1994PASP..106.1052P},
      adsnote = {Provided by the SAO/NASA Astrophysics Data System}
}

@ARTICLE{Bacon2015,
       author = {{Bacon}, R. and {Brinchmann}, J. and {Richard}, J. and {Contini}, T. and {Drake}, A. and {Franx}, M. and {Tacchella}, S. and {Vernet}, J. and {Wisotzki}, L. and {Blaizot}, J. and {Bouch{\'e}}, N. and {Bouwens}, R. and {Cantalupo}, S. and {Carollo}, C.~M. and {Carton}, D. and {Caruana}, J. and {Cl{\'e}ment}, B. and {Dreizler}, S. and {Epinat}, B. and {Guiderdoni}, B. and {Herenz}, C. and {Husser}, T. -O. and {Kamann}, S. and {Kerutt}, J. and {Kollatschny}, W. and {Krajnovic}, D. and {Lilly}, S. and {Martinsson}, T. and {Michel-Dansac}, L. and {Patricio}, V. and {Schaye}, J. and {Shirazi}, M. and {Soto}, K. and {Soucail}, G. and {Steinmetz}, M. and {Urrutia}, T. and {Weilbacher}, P. and {de Zeeuw}, T.},
        title = "{The MUSE 3D view of the Hubble Deep Field South}",
      journal = {\aap},
     keywords = {cosmology: observations, galaxies: evolution, galaxies: high-redshift, techniques: imaging spectroscopy, galaxies: formation, Astrophysics - Astrophysics of Galaxies, Astrophysics - Cosmology and Nongalactic Astrophysics, Astrophysics - Instrumentation and Methods for Astrophysics},
         year = 2015,
        month = mar,
       volume = {575},
          eid = {A75},
        pages = {A75},
          doi = {10.1051/0004-6361/201425419},
archivePrefix = {arXiv},
       eprint = {1411.7667},
 primaryClass = {astro-ph.GA},
       adsurl = {https://ui.adsabs.harvard.edu/abs/2015A&A...575A..75B},
      adsnote = {Provided by the SAO/NASA Astrophysics Data System}
}

@ARTICLE{Calhau2020,
       author = {{Calhau}, Jo{\~a}o and {Sobral}, David and {Santos}, S{\'e}rgio and {Matthee}, Jorryt and {Paulino-Afonso}, Ana and {Stroe}, Andra and {Simmons}, Brooke and {Barlow-Hall}, Cassandra and {Adams}, Benjamin},
        title = "{The X-ray and radio activity of typical and luminous Ly {\ensuremath{\alpha}} emitters from z {\ensuremath{\sim}} 2 to z {\ensuremath{\sim}} 6: evidence for a diverse, evolving population}",
      journal = {\mnras},
     keywords = {galaxies: active, galaxies: evolution, galaxies: high-redshift, quasars: supermassive black holes, galaxies: star formation, cosmology: observations, X-rays: galaxies, Astrophysics - Astrophysics of Galaxies, Astrophysics - High Energy Astrophysical Phenomena},
         year = 2020,
        month = apr,
       volume = {493},
       number = {3},
        pages = {3341-3362},
          doi = {10.1093/mnras/staa476},
archivePrefix = {arXiv},
       eprint = {1909.11672},
 primaryClass = {astro-ph.GA},
       adsurl = {https://ui.adsabs.harvard.edu/abs/2020MNRAS.493.3341C},
      adsnote = {Provided by the SAO/NASA Astrophysics Data System}
}

@MISC{Bridge2012,
       author = {{Bridge}, Carrie and {Blain}, Andrew and {Borys}, Colin and {Petty}, Sara and {Farrah}, Duncan},
        title = "{WISE Discovered Ly-alpha Blobs at High-z: AGN Feeback Caught in the Act?}",
 howpublished = {Spitzer Proposal ID 90221},
         year = 2012,
        month = dec,
        pages = {90221},
       adsurl = {https://ui.adsabs.harvard.edu/abs/2012sptz.prop90221B},
      adsnote = {Provided by the SAO/NASA Astrophysics Data System}
}

@ARTICLE{Bridge2013,
       author = {{Bridge}, Carrie R. and {Blain}, Andrew and {Borys}, Colin J.~K. and {Petty}, Sara and {Benford}, Dominic and {Eisenhardt}, Peter and {Farrah}, Duncan and {Griffith}, Roger L. and {Jarrett}, Tom and {Lonsdale}, Carol and {Stanford}, Spencer A. and {Stern}, Daniel and {Tsai}, Chao-Wei and {Wright}, Edward L. and {Wu}, Jingwen},
        title = "{A New Population of High-z, Dusty Ly{\ensuremath{\alpha}} Emitters and Blobs Discovered by WISE: Feedback Caught in the Act?}",
      journal = {\apj},
     keywords = {galaxies: formation, galaxies: high-redshift, galaxies: ISM, galaxies: starburst, infrared: galaxies, Astrophysics - Cosmology and Nongalactic Astrophysics},
         year = 2013,
        month = jun,
       volume = {769},
       number = {2},
          eid = {91},
        pages = {91},
          doi = {10.1088/0004-637X/769/2/91},
archivePrefix = {arXiv},
       eprint = {1205.4030},
 primaryClass = {astro-ph.CO},
       adsurl = {https://ui.adsabs.harvard.edu/abs/2013ApJ...769...91B},
      adsnote = {Provided by the SAO/NASA Astrophysics Data System}
}

@ARTICLE{Song2014,
       author = {{Song}, Mimi and {Finkelstein}, Steven L. and {Gebhardt}, Karl and {Hill}, Gary J. and {Drory}, Niv and {Ashby}, Matthew L.~N. and {Blanc}, Guillermo A. and {Bridge}, Joanna and {Chonis}, Taylor and {Ciardullo}, Robin and {Fabricius}, Maximilian and {Fazio}, Giovanni G. and {Gawiser}, Eric and {Gronwall}, Caryl and {Hagen}, Alex and {Huang}, Jia-Sheng and {Jogee}, Shardha and {Livermore}, Rachael and {Salmon}, Brett and {Schneider}, Donald P. and {Willner}, S.~P. and {Zeimann}, Gregory R.},
        title = "{The HETDEX Pilot Survey. V. The Physical Origin of Ly{\ensuremath{\alpha}} Emitters Probed by Near-infrared Spectroscopy}",
      journal = {\apj},
     keywords = {galaxies: evolution, galaxies: high-redshift, galaxies: ISM, Astrophysics - Astrophysics of Galaxies},
         year = 2014,
        month = aug,
       volume = {791},
       number = {1},
          eid = {3},
        pages = {3},
          doi = {10.1088/0004-637X/791/1/3},
archivePrefix = {arXiv},
       eprint = {1406.4503},
 primaryClass = {astro-ph.GA},
       adsurl = {https://ui.adsabs.harvard.edu/abs/2014ApJ...791....3S},
      adsnote = {Provided by the SAO/NASA Astrophysics Data System}
}

@ARTICLE{McCarron2022,
       author = {{McCarron}, Adam P. and {Finkelstein}, Steven L. and {Chavez Ortiz}, Oscar A. and {Davis}, Dustin and {Mentuch Cooper}, Erin and {Jung}, Intae and {White}, Delaney R. and {Leung}, Gene C.~K. and {Gebhardt}, Karl and {Acquaviva}, Viviana and {Bowman}, William P. and {Ciardullo}, Robin and {Gawiser}, Eric and {Gronwall}, Caryl and {Hill}, Gary J. and {Kollatschny}, Wolfram and {Landriau}, Martin and {Liu}, Chenxu and {Mock}, Daniel N. and {Sanchez}, Ariel G.},
        title = "{Stellar Populations of Lyman-alpha Emitting Galaxies in the HETDEX Survey I: An Analysis of LAEs in the GOODS-N Field}",
      journal = {arXiv e-prints},
     keywords = {Astrophysics - Astrophysics of Galaxies},
         year = 2022,
        month = aug,
          eid = {arXiv:2208.01660},
        pages = {arXiv:2208.01660},
archivePrefix = {arXiv},
       eprint = {2208.01660},
 primaryClass = {astro-ph.GA},
       adsurl = {https://ui.adsabs.harvard.edu/abs/2022arXiv220801660M},
      adsnote = {Provided by the SAO/NASA Astrophysics Data System}
}

@ARTICLE{Matthee2015,
       author = {{Matthee}, Jorryt and {Sobral}, David and {Santos}, S{\'e}rgio and {R{\"o}ttgering}, Huub and {Darvish}, Behnam and {Mobasher}, Bahram},
        title = "{Identification of the brightest Ly{\ensuremath{\alpha}} emitters at z = 6.6: implications for the evolution of the luminosity function in the reionization era}",
      journal = {\mnras},
     keywords = {galaxies: evolution, galaxies: high-redshift, cosmology: observations, dark ages, reionization, first stars, Astrophysics - Astrophysics of Galaxies, Astrophysics - Cosmology and Nongalactic Astrophysics},
         year = 2015,
        month = jul,
       volume = {451},
       number = {1},
        pages = {400-417},
          doi = {10.1093/mnras/stv947},
archivePrefix = {arXiv},
       eprint = {1502.07355},
 primaryClass = {astro-ph.GA},
       adsurl = {https://ui.adsabs.harvard.edu/abs/2015MNRAS.451..400M},
      adsnote = {Provided by the SAO/NASA Astrophysics Data System}
}

@ARTICLE{Martin2004,
       author = {{Martin}, Crystal L. and {Sawicki}, Marcin},
        title = "{The Space Density of Redshift 5.7 Ly{\ensuremath{\alpha}} Emitters: First Constraints from a Multislit Windows Search}",
      journal = {\apj},
     keywords = {Galaxies: Evolution, Galaxies: Formation, Galaxies: High-Redshift, Techniques: Spectroscopic, Astrophysics},
         year = 2004,
        month = mar,
       volume = {603},
       number = {2},
        pages = {414-424},
          doi = {10.1086/381699},
archivePrefix = {arXiv},
       eprint = {astro-ph/0310839},
 primaryClass = {astro-ph},
       adsurl = {https://ui.adsabs.harvard.edu/abs/2004ApJ...603..414M},
      adsnote = {Provided by the SAO/NASA Astrophysics Data System}
}

@ARTICLE{Blanc2011,
       author = {{Blanc}, Guillermo A. and {Adams}, Joshua J. and {Gebhardt}, Karl and {Hill}, Gary J. and {Drory}, Niv and {Hao}, Lei and {Bender}, Ralf and {Ciardullo}, Robin and {Finkelstein}, Steven L. and {Fry}, Alexander B. and {Gawiser}, Eric and {Gronwall}, Caryl and {Hopp}, Ulrich and {Jeong}, Donghui and {Kelzenberg}, Ralf and {Komatsu}, Eiichiro and {MacQueen}, Phillip and {Murphy}, Jeremy D. and {Roth}, Martin M. and {Schneider}, Donald P. and {Tufts}, Joseph},
        title = "{The HETDEX Pilot Survey. II. The Evolution of the Ly{\ensuremath{\alpha}} Escape Fraction from the Ultraviolet Slope and Luminosity Function of 1.9 < z < 3.8 LAEs}",
      journal = {\apj},
     keywords = {dust, extinction, evolution, galaxies: evolution, galaxies: high-redshift, galaxies: ISM, Astrophysics - Cosmology and Nongalactic Astrophysics},
         year = 2011,
        month = jul,
       volume = {736},
       number = {1},
          eid = {31},
        pages = {31},
          doi = {10.1088/0004-637X/736/1/31},
archivePrefix = {arXiv},
       eprint = {1011.0430},
 primaryClass = {astro-ph.CO},
       adsurl = {https://ui.adsabs.harvard.edu/abs/2011ApJ...736...31B},
      adsnote = {Provided by the SAO/NASA Astrophysics Data System}
}

@ARTICLE{Adams2011,
       author = {{Adams}, Joshua J. and {Blanc}, Guillermo A. and {Hill}, Gary J. and {Gebhardt}, Karl and {Drory}, Niv and {Hao}, Lei and {Bender}, Ralf and {Byun}, Joyce and {Ciardullo}, Robin and {Cornell}, Mark E. and {Finkelstein}, Steven L. and {Fry}, Alex and {Gawiser}, Eric and {Gronwall}, Caryl and {Hopp}, Ulrich and {Jeong}, Donghui and {Kelz}, Andreas and {Kelzenberg}, Ralf and {Komatsu}, Eiichiro and {MacQueen}, Phillip J. and {Murphy}, Jeremy and {Odoms}, P. Samuel and {Roth}, Martin and {Schneider}, Donald P. and {Tufts}, Joseph R. and {Wilkinson}, Christopher P.},
        title = "{The HETDEX Pilot Survey. I. Survey Design, Performance, and Catalog of Emission-line Galaxies}",
      journal = {\apjs},
     keywords = {cosmology: observations, galaxies: evolution, galaxies: formation, galaxies: high-redshift, Astrophysics - Cosmology and Nongalactic Astrophysics},
         year = 2011,
        month = jan,
       volume = {192},
       number = {1},
          eid = {5},
        pages = {5},
          doi = {10.1088/0067-0049/192/1/5},
archivePrefix = {arXiv},
       eprint = {1011.0426},
 primaryClass = {astro-ph.CO},
       adsurl = {https://ui.adsabs.harvard.edu/abs/2011ApJS..192....5A},
      adsnote = {Provided by the SAO/NASA Astrophysics Data System}
}

@ARTICLE{Karman2015,
       author = {{Karman}, W. and {Caputi}, K.~I. and {Grillo}, C. and {Balestra}, I. and {Rosati}, P. and {Vanzella}, E. and {Coe}, D. and {Christensen}, L. and {Koekemoer}, A.~M. and {Kr{\"u}hler}, T. and {Lombardi}, M. and {Mercurio}, A. and {Nonino}, M. and {van der Wel}, A.},
        title = "{MUSE integral-field spectroscopy towards the Frontier Fields cluster Abell S1063. I. Data products and redshift identifications}",
      journal = {\aap},
     keywords = {gravitational lensing: strong, techniques: imaging spectroscopy, galaxies: clusters: individual: Abell S1063, galaxies: evolution, galaxies: high-redshift, galaxies: distances and redshifts, Astrophysics - Astrophysics of Galaxies, Astrophysics - Cosmology and Nongalactic Astrophysics},
         year = 2015,
        month = feb,
       volume = {574},
          eid = {A11},
        pages = {A11},
          doi = {10.1051/0004-6361/201424962},
archivePrefix = {arXiv},
       eprint = {1409.3507},
 primaryClass = {astro-ph.GA},
       adsurl = {https://ui.adsabs.harvard.edu/abs/2015A&A...574A..11K},
      adsnote = {Provided by the SAO/NASA Astrophysics Data System}
}

@ARTICLE{Yamada2012,
       author = {{Yamada}, T. and {Nakamura}, Y. and {Matsuda}, Y. and {Hayashino}, T. and {Yamauchi}, R. and {Morimoto}, N. and {Kousai}, K. and {Umemura}, M.},
        title = "{Panoramic Survey of Ly{\ensuremath{\alpha}} Emitters at z = 3.1}",
      journal = {\aj},
     keywords = {galaxies: clusters: individual: SSA22, galaxies: evolution, galaxies: formation, galaxies: high-redshift, galaxies: starburst, large-scale structure of Universe, Astrophysics - Cosmology and Nongalactic Astrophysics},
         year = 2012,
        month = apr,
       volume = {143},
       number = {4},
          eid = {79},
        pages = {79},
          doi = {10.1088/0004-6256/143/4/79},
archivePrefix = {arXiv},
       eprint = {1202.0087},
 primaryClass = {astro-ph.CO},
       adsurl = {https://ui.adsabs.harvard.edu/abs/2012AJ....143...79Y},
      adsnote = {Provided by the SAO/NASA Astrophysics Data System}
}

@ARTICLE{Shibuya2012,
       author = {{Shibuya}, Takatoshi and {Kashikawa}, Nobunari and {Ota}, Kazuaki and {Iye}, Masanori and {Ouchi}, Masami and {Furusawa}, Hisanori and {Shimasaku}, Kazuhiro and {Hattori}, Takashi},
        title = "{The First Systematic Survey for Ly{\ensuremath{\alpha}} Emitters at z = 7.3 with Red-sensitive Subaru/Suprime-Cam}",
      journal = {\apj},
     keywords = {cosmology: observations, early Universe, galaxies: formation, galaxies: high-redshift, Astrophysics - Cosmology and Nongalactic Astrophysics},
         year = 2012,
        month = jun,
       volume = {752},
       number = {2},
          eid = {114},
        pages = {114},
          doi = {10.1088/0004-637X/752/2/114},
archivePrefix = {arXiv},
       eprint = {1112.3997},
 primaryClass = {astro-ph.CO},
       adsurl = {https://ui.adsabs.harvard.edu/abs/2012ApJ...752..114S},
      adsnote = {Provided by the SAO/NASA Astrophysics Data System}
}

@ARTICLE{Cowie1998,
       author = {{Cowie}, Lennox L. and {Hu}, Esther M.},
        title = "{High-z Lyalpha Emitters. I. A Blank-Field Search for Objects near Redshift Z = 3.4 in and around the Hubble Deep Field and the Hawaii Deep Field SSA 22}",
      journal = {\aj},
     keywords = {COSMOLOGY: OBSERVATIONS, EARLY UNIVERSE, GALAXIES: EVOLUTION, GALAXIES: FORMATION, Astrophysics},
         year = 1998,
        month = apr,
       volume = {115},
       number = {4},
        pages = {1319-1328},
          doi = {10.1086/300309},
archivePrefix = {arXiv},
       eprint = {astro-ph/9801003},
 primaryClass = {astro-ph},
       adsurl = {https://ui.adsabs.harvard.edu/abs/1998AJ....115.1319C},
      adsnote = {Provided by the SAO/NASA Astrophysics Data System}
}

@ARTICLE{Hu1998,
       author = {{Hu}, Esther M. and {Cowie}, Lennox L. and {McMahon}, Richard G.},
        title = "{The Density of Ly{\ensuremath{\alpha}} Emitters at Very High Redshift}",
      journal = {\apjl},
     keywords = {COSMOLOGY: OBSERVATIONS, COSMOLOGY: EARLY UNIVERSE, GALAXIES: EVOLUTION, GALAXIES: FORMATION, Cosmology: Observations, Cosmology: Early Universe, Galaxies: Evolution, Galaxies: Formation, Astrophysics},
         year = 1998,
        month = aug,
       volume = {502},
       number = {2},
        pages = {L99-L103},
          doi = {10.1086/311506},
archivePrefix = {arXiv},
       eprint = {astro-ph/9803011},
 primaryClass = {astro-ph},
       adsurl = {https://ui.adsabs.harvard.edu/abs/1998ApJ...502L..99H},
      adsnote = {Provided by the SAO/NASA Astrophysics Data System}
}

@ARTICLE{Konno2018,
       author = {{Konno}, Akira and {Ouchi}, Masami and {Shibuya}, Takatoshi and {Ono}, Yoshiaki and {Shimasaku}, Kazuhiro and {Taniguchi}, Yoshiaki and {Nagao}, Tohru and {Kobayashi}, Masakazu A.~R. and {Kajisawa}, Masaru and {Kashikawa}, Nobunari and {Inoue}, Akio K. and {Oguri}, Masamune and {Furusawa}, Hisanori and {Goto}, Tomotsugu and {Harikane}, Yuichi and {Higuchi}, Ryo and {Komiyama}, Yutaka and {Kusakabe}, Haruka and {Miyazaki}, Satoshi and {Nakajima}, Kimihiko and {Wang}, Shiang-Yu},
        title = "{SILVERRUSH. IV. Ly{\ensuremath{\alpha}} luminosity functions at z = 5.7 and 6.6 studied with {\ensuremath{\sim}}1300 Ly{\ensuremath{\alpha}} emitters on the 14-21 deg$^{2}$ sky}",
      journal = {\pasj},
     keywords = {cosmology: observations, dark ages, reionization, first stars, galaxies: formation, galaxies: high-redshift, galaxies: luminosity function, mass function, Astrophysics - Astrophysics of Galaxies},
         year = 2018,
        month = jan,
       volume = {70},
          eid = {S16},
        pages = {S16},
          doi = {10.1093/pasj/psx131},
archivePrefix = {arXiv},
       eprint = {1705.01222},
 primaryClass = {astro-ph.GA},
       adsurl = {https://ui.adsabs.harvard.edu/abs/2018PASJ...70S..16K},
      adsnote = {Provided by the SAO/NASA Astrophysics Data System}
}

@ARTICLE{Hasinger2005,
       author = {{Hasinger}, G. and {Miyaji}, T. and {Schmidt}, M.},
        title = "{Luminosity-dependent evolution of soft X-ray selected AGN. New Chandra and XMM-Newton surveys}",
      journal = {\aap},
     keywords = {galaxies: active, X-rays: general, Astrophysics},
         year = 2005,
        month = oct,
       volume = {441},
       number = {2},
        pages = {417-434},
          doi = {10.1051/0004-6361:20042134},
archivePrefix = {arXiv},
       eprint = {astro-ph/0506118},
 primaryClass = {astro-ph},
       adsurl = {https://ui.adsabs.harvard.edu/abs/2005A&A...441..417H},
      adsnote = {Provided by the SAO/NASA Astrophysics Data System}
}

@ARTICLE{Miyaji2015,
       author = {{Miyaji}, T. and {Hasinger}, G. and {Salvato}, M. and {Brusa}, M. and {Cappelluti}, N. and {Civano}, F. and {Puccetti}, S. and {Elvis}, M. and {Brunner}, H. and {Fotopoulou}, S. and {Ueda}, Y. and {Griffiths}, R.~E. and {Koekemoer}, A.~M. and {Akiyama}, M. and {Comastri}, A. and {Gilli}, R. and {Lanzuisi}, G. and {Merloni}, A. and {Vignali}, C.},
        title = "{Detailed Shape and Evolutionary Behavior of the X-Ray Luminosity Function of Active Galactic Nuclei}",
      journal = {\apj},
     keywords = {galaxies: active, galaxies: luminosity function, mass function, quasars: general, X-rays: galaxies, Astrophysics - Astrophysics of Galaxies},
         year = 2015,
        month = may,
       volume = {804},
       number = {2},
          eid = {104},
        pages = {104},
          doi = {10.1088/0004-637X/804/2/104},
archivePrefix = {arXiv},
       eprint = {1503.00056},
 primaryClass = {astro-ph.GA},
       adsurl = {https://ui.adsabs.harvard.edu/abs/2015ApJ...804..104M},
      adsnote = {Provided by the SAO/NASA Astrophysics Data System}
}

@ARTICLE{Gawiser2007,
       author = {{Gawiser}, Eric and {Francke}, Harold and {Lai}, Kamson and {Schawinski}, Kevin and {Gronwall}, Caryl and {Ciardullo}, Robin and {Quadri}, Ryan and {Orsi}, Alvaro and {Barrientos}, L. Felipe and {Blanc}, Guillermo A. and {Fazio}, Giovanni and {Feldmeier}, John J. and {Huang}, Jia-sheng and {Infante}, Leopoldo and {Lira}, Paulina and {Padilla}, Nelson and {Taylor}, Edward N. and {Treister}, Ezequiel and {Urry}, C. Megan and {van Dokkum}, Pieter G. and {Virani}, Shanil N.},
        title = "{Ly{\ensuremath{\alpha}}-Emitting Galaxies at z = 3.1: L* Progenitors Experiencing Rapid Star Formation}",
      journal = {\apj},
     keywords = {Galaxies: Evolution, Galaxies: Formation, Galaxies: High-Redshift, Cosmology: Large-Scale Structure of Universe, Astrophysics},
         year = 2007,
        month = dec,
       volume = {671},
       number = {1},
        pages = {278-284},
          doi = {10.1086/522955},
archivePrefix = {arXiv},
       eprint = {0710.2697},
 primaryClass = {astro-ph},
       adsurl = {https://ui.adsabs.harvard.edu/abs/2007ApJ...671..278G},
      adsnote = {Provided by the SAO/NASA Astrophysics Data System}
}

@ARTICLE{Ouchi2010,
       author = {{Ouchi}, Masami and {Shimasaku}, Kazuhiro and {Furusawa}, Hisanori and {Saito}, Tomoki and {Yoshida}, Makiko and {Akiyama}, Masayuki and {Ono}, Yoshiaki and {Yamada}, Toru and {Ota}, Kazuaki and {Kashikawa}, Nobunari and {Iye}, Masanori and {Kodama}, Tadayuki and {Okamura}, Sadanori and {Simpson}, Chris and {Yoshida}, Michitoshi},
        title = "{Statistics of 207 Ly{\ensuremath{\alpha}} Emitters at a Redshift Near 7: Constraints on Reionization and Galaxy Formation Models}",
      journal = {\apj},
     keywords = {cosmology: observations, dark ages, reionization, first stars, galaxies: formation, galaxies: high-redshift, galaxies: luminosity function, mass function, Astrophysics - Cosmology and Nongalactic Astrophysics},
         year = 2010,
        month = nov,
       volume = {723},
       number = {1},
        pages = {869-894},
          doi = {10.1088/0004-637X/723/1/869},
archivePrefix = {arXiv},
       eprint = {1007.2961},
 primaryClass = {astro-ph.CO},
       adsurl = {https://ui.adsabs.harvard.edu/abs/2010ApJ...723..869O},
      adsnote = {Provided by the SAO/NASA Astrophysics Data System}
}

@INCOLLECTION{Merloni2013,
       author = {{Merloni}, Andrea and {Heinz}, Sebastian},
        title = "{Evolution of Active Galactic Nuclei}",
     keywords = {Physics, Astrophysics - Cosmology and Nongalactic Astrophysics},
    booktitle = {Planets, Stars and Stellar Systems. Volume 6: Extragalactic Astronomy and Cosmology},
         year = 2013,
       editor = {{Oswalt}, Terry D. and {Keel}, William C.},
       volume = {6},
        pages = {503},
          doi = {10.1007/978-94-007-5609-0_11},
       adsurl = {https://ui.adsabs.harvard.edu/abs/2013pss6.book..503M},
      adsnote = {Provided by the SAO/NASA Astrophysics Data System}
}

@ARTICLE{Khostovan2019,
       author = {{Khostovan}, A.~A. and {Sobral}, D. and {Mobasher}, B. and {Matthee}, J. and {Cochrane}, R.~K. and {Chartab}, N. and {Jafariyazani}, M. and {Paulino-Afonso}, A. and {Santos}, S. and {Calhau}, J.},
        title = "{The clustering of typical Ly {\ensuremath{\alpha}} emitters from z {\ensuremath{\sim}} 2.5-6: host halo masses depend on Ly {\ensuremath{\alpha}} and UV luminosities}",
      journal = {\mnras},
     keywords = {galaxies: evolution, galaxies: haloes, galaxies: high-redshift, galaxies: star formation, cosmology: observations, large-scale structure of Universe, Astrophysics - Astrophysics of Galaxies},
         year = 2019,
        month = oct,
       volume = {489},
       number = {1},
        pages = {555-573},
          doi = {10.1093/mnras/stz2149},
archivePrefix = {arXiv},
       eprint = {1811.00556},
 primaryClass = {astro-ph.GA},
       adsurl = {https://ui.adsabs.harvard.edu/abs/2019MNRAS.489..555K},
      adsnote = {Provided by the SAO/NASA Astrophysics Data System}
}

@ARTICLE{Guaita2010,
       author = {{Guaita}, Lucia and {Gawiser}, Eric and {Padilla}, Nelson and {Francke}, Harold and {Bond}, Nicholas A. and {Gronwall}, Caryl and {Ciardullo}, Robin and {Feldmeier}, John J. and {Sinawa}, Shawn and {Blanc}, Guillermo A. and {Virani}, Shanil},
        title = "{Ly{\ensuremath{\alpha}}-emitting Galaxies at z = 2.1 in ECDF-S: Building Blocks of Typical Present-day Galaxies?}",
      journal = {\apj},
     keywords = {galaxies: high-redshift, galaxies: photometry, galaxies: star formation, surveys, Astrophysics - Cosmology and Nongalactic Astrophysics, Astrophysics - Astrophysics of Galaxies},
         year = 2010,
        month = may,
       volume = {714},
       number = {1},
        pages = {255-269},
          doi = {10.1088/0004-637X/714/1/255},
archivePrefix = {arXiv},
       eprint = {0910.2244},
 primaryClass = {astro-ph.CO},
       adsurl = {https://ui.adsabs.harvard.edu/abs/2010ApJ...714..255G},
      adsnote = {Provided by the SAO/NASA Astrophysics Data System}
}

@ARTICLE{Nakajima2014,
       author = {{Nakajima}, Kimihiko and {Ouchi}, Masami},
        title = "{Ionization state of inter-stellar medium in galaxies: evolution, SFR-M$_{*}$-Z dependence, and ionizing photon escape}",
      journal = {\mnras},
     keywords = {galaxies: abundances, galaxies: evolution, galaxies: high-redshift, galaxies: ISM, Astrophysics - Cosmology and Nongalactic Astrophysics, Astrophysics - Astrophysics of Galaxies},
         year = 2014,
        month = jul,
       volume = {442},
       number = {1},
        pages = {900-916},
          doi = {10.1093/mnras/stu902},
archivePrefix = {arXiv},
       eprint = {1309.0207},
 primaryClass = {astro-ph.CO},
       adsurl = {https://ui.adsabs.harvard.edu/abs/2014MNRAS.442..900N},
      adsnote = {Provided by the SAO/NASA Astrophysics Data System}
}

@ARTICLE{Jaskot2014,
       author = {{Jaskot}, A.~E. and {Oey}, M.~S.},
        title = "{Linking Ly{\ensuremath{\alpha}} and Low-ionization Transitions at Low Optical Depth}",
      journal = {\apjl},
     keywords = {galaxies: high-redshift, galaxies: starburst, intergalactic medium, line: profiles, radiative transfer, ultraviolet: ISM, Astrophysics - Astrophysics of Galaxies},
         year = 2014,
        month = aug,
       volume = {791},
       number = {2},
          eid = {L19},
        pages = {L19},
          doi = {10.1088/2041-8205/791/2/L19},
archivePrefix = {arXiv},
       eprint = {1406.4413},
 primaryClass = {astro-ph.GA},
       adsurl = {https://ui.adsabs.harvard.edu/abs/2014ApJ...791L..19J},
      adsnote = {Provided by the SAO/NASA Astrophysics Data System}
}

@ARTICLE{Bouwens2012,
       author = {{Bouwens}, R.~J. and {Illingworth}, G.~D. and {Oesch}, P.~A. and {Trenti}, M. and {Labb{\'e}}, I. and {Franx}, M. and {Stiavelli}, M. and {Carollo}, C.~M. and {van Dokkum}, P. and {Magee}, D.},
        title = "{Lower-luminosity Galaxies Could Reionize the Universe: Very Steep Faint-end Slopes to the UV Luminosity Functions at z >= 5-8 from the HUDF09 WFC3/IR Observations}",
      journal = {\apjl},
     keywords = {galaxies: evolution, galaxies: high-redshift, Astrophysics - Cosmology and Nongalactic Astrophysics},
         year = 2012,
        month = jun,
       volume = {752},
       number = {1},
          eid = {L5},
        pages = {L5},
          doi = {10.1088/2041-8205/752/1/L5},
archivePrefix = {arXiv},
       eprint = {1105.2038},
 primaryClass = {astro-ph.CO},
       adsurl = {https://ui.adsabs.harvard.edu/abs/2012ApJ...752L...5B},
      adsnote = {Provided by the SAO/NASA Astrophysics Data System}
}

@ARTICLE{Jansen2018,
       author = {{Jansen}, Rolf A. and {Windhorst}, Rogier A.},
        title = "{The James Webb Space Telescope North Ecliptic Pole Time-domain Field. I. Field Selection of a JWST Community Field for Time-domain Studies}",
      journal = {\pasp},
     keywords = {Astrophysics - Astrophysics of Galaxies, Astrophysics - Instrumentation and Methods for Astrophysics},
         year = 2018,
        month = dec,
       volume = {130},
       number = {994},
        pages = {124001},
          doi = {10.1088/1538-3873/aae476},
archivePrefix = {arXiv},
       eprint = {1807.05278},
 primaryClass = {astro-ph.GA},
       adsurl = {https://ui.adsabs.harvard.edu/abs/2018PASP..130l4001J},
      adsnote = {Provided by the SAO/NASA Astrophysics Data System}
}

@ARTICLE{Blanton2017,
       author = {{Blanton}, Michael R. and {Bershady}, Matthew A. and {Abolfathi}, Bela and {Albareti}, Franco D. and {Allende Prieto}, Carlos and {Almeida}, Andres and {Alonso-Garc{\'\i}a}, Javier and {Anders}, Friedrich and {Anderson}, Scott F. and {Andrews}, Brett and {Aquino-Ort{\'\i}z}, Erik and {Arag{\'o}n-Salamanca}, Alfonso and {Argudo-Fern{\'a}ndez}, Maria and {Armengaud}, Eric and {Aubourg}, Eric and {Avila-Reese}, Vladimir and {Badenes}, Carles and {Bailey}, Stephen and {Barger}, Kathleen A. and {Barrera-Ballesteros}, Jorge and {Bartosz}, Curtis and {Bates}, Dominic and {Baumgarten}, Falk and {Bautista}, Julian and {Beaton}, Rachael and {Beers}, Timothy C. and {Belfiore}, Francesco and {Bender}, Chad F. and {Berlind}, Andreas A. and {Bernardi}, Mariangela and {Beutler}, Florian and {Bird}, Jonathan C. and {Bizyaev}, Dmitry and {Blanc}, Guillermo A. and {Blomqvist}, Michael and {Bolton}, Adam S. and {Boquien}, M{\'e}d{\'e}ric and {Borissova}, Jura and {van den Bosch}, Remco and {Bovy}, Jo and {Brandt}, William N. and {Brinkmann}, Jonathan and {Brownstein}, Joel R. and {Bundy}, Kevin and {Burgasser}, Adam J. and {Burtin}, Etienne and {Busca}, Nicol{\'a}s G. and {Cappellari}, Michele and {Delgado Carigi}, Maria Leticia and {Carlberg}, Joleen K. and {Carnero Rosell}, Aurelio and {Carrera}, Ricardo and {Chanover}, Nancy J. and {Cherinka}, Brian and {Cheung}, Edmond and {G{\'o}mez Maqueo Chew}, Yilen and {Chiappini}, Cristina and {Choi}, Peter Doohyun and {Chojnowski}, Drew and {Chuang}, Chia-Hsun and {Chung}, Haeun and {Cirolini}, Rafael Fernando and {Clerc}, Nicolas and {Cohen}, Roger E. and {Comparat}, Johan and {da Costa}, Luiz and {Cousinou}, Marie-Claude and {Covey}, Kevin and {Crane}, Jeffrey D. and {Croft}, Rupert A.~C. and {Cruz-Gonzalez}, Irene and {Garrido Cuadra}, Daniel and {Cunha}, Katia and {Damke}, Guillermo J. and {Darling}, Jeremy and {Davies}, Roger and {Dawson}, Kyle and {de la Macorra}, Axel and {Dell'Agli}, Flavia and {De Lee}, Nathan and {Delubac}, Timoth{\'e}e and {Di Mille}, Francesco and {Diamond-Stanic}, Aleks and {Cano-D{\'\i}az}, Mariana and {Donor}, John and {Downes}, Juan Jos{\'e} and {Drory}, Niv and {du Mas des Bourboux}, H{\'e}lion and {Duckworth}, Christopher J. and {Dwelly}, Tom and {Dyer}, Jamie and {Ebelke}, Garrett and {Eigenbrot}, Arthur D. and {Eisenstein}, Daniel J. and {Emsellem}, Eric and {Eracleous}, Mike and {Escoffier}, Stephanie and {Evans}, Michael L. and {Fan}, Xiaohui and {Fern{\'a}ndez-Alvar}, Emma and {Fernandez-Trincado}, J.~G. and {Feuillet}, Diane K. and {Finoguenov}, Alexis and {Fleming}, Scott W. and {Font-Ribera}, Andreu and {Fredrickson}, Alexander and {Freischlad}, Gordon and {Frinchaboy}, Peter M. and {Fuentes}, Carla E. and {Galbany}, Llu{\'\i}s and {Garcia-Dias}, R. and {Garc{\'\i}a-Hern{\'a}ndez}, D.~A. and {Gaulme}, Patrick and {Geisler}, Doug and {Gelfand}, Joseph D. and {Gil-Mar{\'\i}n}, H{\'e}ctor and {Gillespie}, Bruce A. and {Goddard}, Daniel and {Gonzalez-Perez}, Violeta and {Grabowski}, Kathleen and {Green}, Paul J. and {Grier}, Catherine J. and {Gunn}, James E. and {Guo}, Hong and {Guy}, Julien and {Hagen}, Alex and {Hahn}, ChangHoon and {Hall}, Matthew and {Harding}, Paul and {Hasselquist}, Sten and {Hawley}, Suzanne L. and {Hearty}, Fred and {Gonzalez Hern{\'a}ndez}, Jonay I. and {Ho}, Shirley and {Hogg}, David W. and {Holley-Bockelmann}, Kelly and {Holtzman}, Jon A. and {Holzer}, Parker H. and {Huehnerhoff}, Joseph and {Hutchinson}, Timothy A. and {Hwang}, Ho Seong and {Ibarra-Medel}, H{\'e}ctor J. and {da Silva Ilha}, Gabriele and {Ivans}, Inese I. and {Ivory}, KeShawn and {Jackson}, Kelly and {Jensen}, Trey W. and {Johnson}, Jennifer A. and {Jones}, Amy and {J{\"o}nsson}, Henrik and {Jullo}, Eric and {Kamble}, Vikrant and {Kinemuchi}, Karen and {Kirkby}, David and {Kitaura}, Francisco-Shu and {Klaene}, Mark and {Knapp}, Gillian R. and {Kneib}, Jean-Paul and {Kollmeier}, Juna A. and {Lacerna}, Ivan and {Lane}, Richard R. and {Lang}, Dustin and {Law}, David R. and {Lazarz}, Daniel and {Lee}, Youngbae and {Le Goff}, Jean-Marc and {Liang}, Fu-Heng and {Li}, Cheng and {Li}, Hongyu and {Lian}, Jianhui and {Lima}, Marcos and {Lin}, Lihwai and {Lin}, Yen-Ting and {Bertran de Lis}, Sara and {Liu}, Chao and {de Icaza Lizaola}, Miguel Angel C. and {Long}, Dan and {Lucatello}, Sara and {Lundgren}, Britt and {MacDonald}, Nicholas K. and {Deconto Machado}, Alice and {MacLeod}, Chelsea L. and {Mahadevan}, Suvrath and {Geimba Maia}, Marcio Antonio and {Maiolino}, Roberto and {Majewski}, Steven R. and {Malanushenko}, Elena and {Malanushenko}, Viktor and {Manchado}, Arturo and {Mao}, Shude and {Maraston}, Claudia and {Marques-Chaves}, Rui and {Masseron}, Thomas and {Masters}, Karen L. and {McBride}, Cameron K. and {McDermid}, Richard M. and {McGrath}, Brianne and {McGreer}, Ian D. and {Medina Pe{\~n}a}, Nicol{\'a}s and {Melendez}, Matthew and {Merloni}, Andrea and {Merrifield}, Michael R. and {Meszaros}, Szabolcs and {Meza}, Andres and {Minchev}, Ivan and {Minniti}, Dante and {Miyaji}, Takamitsu and {More}, Surhud and {Mulchaey}, John and {M{\"u}ller-S{\'a}nchez}, Francisco and {Muna}, Demitri and {Munoz}, Ricardo R. and {Myers}, Adam D. and {Nair}, Preethi and {Nandra}, Kirpal and {Correa do Nascimento}, Janaina and {Negrete}, Alenka and {Ness}, Melissa and {Newman}, Jeffrey A. and {Nichol}, Robert C. and {Nidever}, David L. and {Nitschelm}, Christian and {Ntelis}, Pierros and {O'Connell}, Julia E. and {Oelkers}, Ryan J. and {Oravetz}, Audrey and {Oravetz}, Daniel and {Pace}, Zach and {Padilla}, Nelson and {Palanque-Delabrouille}, Nathalie and {Alonso Palicio}, Pedro and {Pan}, Kaike and {Parejko}, John K. and {Parikh}, Taniya and {P{\^a}ris}, Isabelle and {Park}, Changbom and {Patten}, Alim Y. and {Peirani}, Sebastien and {Pellejero-Ibanez}, Marcos and {Penny}, Samantha and {Percival}, Will J. and {Perez-Fournon}, Ismael and {Petitjean}, Patrick and {Pieri}, Matthew M. and {Pinsonneault}, Marc and {Pisani}, Alice and {Poleski}, Rados{\l}aw and {Prada}, Francisco and {Prakash}, Abhishek and {Queiroz}, Anna B{\'a}rbara de Andrade and {Raddick}, M. Jordan and {Raichoor}, Anand and {Barboza Rembold}, Sandro and {Richstein}, Hannah and {Riffel}, Rogemar A. and {Riffel}, Rog{\'e}rio and {Rix}, Hans-Walter and {Robin}, Annie C. and {Rockosi}, Constance M. and {Rodr{\'\i}guez-Torres}, Sergio and {Roman-Lopes}, A. and {Rom{\'a}n-Z{\'u}{\~n}iga}, Carlos and {Rosado}, Margarita and {Ross}, Ashley J. and {Rossi}, Graziano and {Ruan}, John and {Ruggeri}, Rossana and {Rykoff}, Eli S. and {Salazar-Albornoz}, Salvador and {Salvato}, Mara and {S{\'a}nchez}, Ariel G. and {Aguado}, D.~S. and {S{\'a}nchez-Gallego}, Jos{\'e} R. and {Santana}, Felipe A. and {Santiago}, Bas{\'\i}lio Xavier and {Sayres}, Conor and {Schiavon}, Ricardo P. and {da Silva Schimoia}, Jaderson and {Schlafly}, Edward F. and {Schlegel}, David J. and {Schneider}, Donald P. and {Schultheis}, Mathias and {Schuster}, William J. and {Schwope}, Axel and {Seo}, Hee-Jong and {Shao}, Zhengyi and {Shen}, Shiyin and {Shetrone}, Matthew and {Shull}, Michael and {Simon}, Joshua D. and {Skinner}, Danielle and {Skrutskie}, M.~F. and {Slosar}, An{\v{z}}e and {Smith}, Verne V. and {Sobeck}, Jennifer S. and {Sobreira}, Flavia and {Somers}, Garrett and {Souto}, Diogo and {Stark}, David V. and {Stassun}, Keivan and {Stauffer}, Fritz and {Steinmetz}, Matthias and {Storchi-Bergmann}, Thaisa and {Streblyanska}, Alina and {Stringfellow}, Guy S. and {Su{\'a}rez}, Genaro and {Sun}, Jing and {Suzuki}, Nao and {Szigeti}, Laszlo and {Taghizadeh-Popp}, Manuchehr and {Tang}, Baitian and {Tao}, Charling and {Tayar}, Jamie and {Tembe}, Mita and {Teske}, Johanna and {Thakar}, Aniruddha R. and {Thomas}, Daniel and {Thompson}, Benjamin A. and {Tinker}, Jeremy L. and {Tissera}, Patricia and {Tojeiro}, Rita and {Hernandez Toledo}, Hector and {de la Torre}, Sylvain and {Tremonti}, Christy and {Troup}, Nicholas W. and {Valenzuela}, Octavio and {Martinez Valpuesta}, Inma and {Vargas-Gonz{\'a}lez}, Jaime and {Vargas-Maga{\~n}a}, Mariana and {Vazquez}, Jose Alberto and {Villanova}, Sandro and {Vivek}, M. and {Vogt}, Nicole and {Wake}, David and {Walterbos}, Rene and {Wang}, Yuting and {Weaver}, Benjamin Alan and {Weijmans}, Anne-Marie and {Weinberg}, David H. and {Westfall}, Kyle B. and {Whelan}, David G. and {Wild}, Vivienne and {Wilson}, John and {Wood-Vasey}, W.~M. and {Wylezalek}, Dominika and {Xiao}, Ting and {Yan}, Renbin and {Yang}, Meng and {Ybarra}, Jason E. and {Y{\`e}che}, Christophe and {Zakamska}, Nadia and {Zamora}, Olga and {Zarrouk}, Pauline and {Zasowski}, Gail and {Zhang}, Kai and {Zhao}, Gong-Bo and {Zheng}, Zheng and {Zheng}, Zheng and {Zhou}, Xu and {Zhou}, Zhi-Min and {Zhu}, Guangtun B. and {Zoccali}, Manuela and {Zou}, Hu},
        title = "{Sloan Digital Sky Survey IV: Mapping the Milky Way, Nearby Galaxies, and the Distant Universe}",
      journal = {\aj},
     keywords = {cosmology: observations, galaxies: general, Galaxy: general, instrumentation: spectrographs, stars: general, surveys, Astrophysics - Astrophysics of Galaxies},
         year = 2017,
        month = jul,
       volume = {154},
       number = {1},
          eid = {28},
        pages = {28},
          doi = {10.3847/1538-3881/aa7567},
archivePrefix = {arXiv},
       eprint = {1703.00052},
 primaryClass = {astro-ph.GA},
       adsurl = {https://ui.adsabs.harvard.edu/abs/2017AJ....154...28B},
      adsnote = {Provided by the SAO/NASA Astrophysics Data System}
}
